2352 4157
863 390 957 446 ΕΤ
994 390 1335 452 VENDITO.
1905 410 1975 468 13

216 563 232 578 .
308 563 317 572 .
354 522 355 525 ’
394 562 404 574 .
479 564 492 573 .
573 563 583 574 .
659 562 668 574 .
723 523 882 580 “PR
920 528 1021 582 Pv.
1060 529 1191 601 Lug.
1228 533 1387 603 prim.
1411 534 1458 573 ⁶⁷
1489 535 1744 595 Modesto
1781 546 1839 597 et
1864 541 1975 597 Ha-

214 610 432 666 rintheo
471 628 654 667 conss.
687 612 850 684 (372.)

214 697 254 768 §-
289 699 373 753 38.
463 737 474 748 .
553 736 563 748 .
639 738 650 749 .
703 699 806 753 bus
843 709 1056 756 tantum
1092 705 1306 774 praedii
1339 709 1530 762 rustici
1567 711 1642 767 sit
1674 714 1971 770 interdicta

217 821 912 838 .........
983 789 1201 843 nullum
1237 791 1490 848 debitum
1532 798 1808 853 doceatur·
1832 803 1973 860 haec

215 909 225 918 .
282 900 299 908 ae
300 909 989 923 .........
1094 880 1408 948 supplicans
1444 885 1724 954 Eugrafius
1763 904 1972 944 memo-

210 990 229 1014 ,
302 996 992 1012 .........
1039 963 1109 1013 ad
1151 967 1388 1034 speciem
1439 971 1609 1024 fuerit
1644 976 1971 1032 ementitum

381 1085 390 1094 .
468 1084 479 1094 .
554 1060 585 1094 a
625 1061 710 1098 res
748 1054 896 1114 gesta
931 1049 1231 1117 probatur,
1270 1061 1333 1105 ut
1373 1058 1628 1124 precibus
1653 1063 1971 1118 continetur

210 1169 652 1181 ......
726 1133 894 1186 fuisse
929 1140 1203 1206 suggerit,
1241 1141 1442 1194 Fauste
1481 1145 1792 1214 carissime,
1847 1166 1969 1205 aes-

205 1222 343 1272 tima
455 1259 465 1266 .
543 1257 554 1267 .
642 1233 756 1271 rem
792 1224 867 1273 sit
902 1239 970 1274 an
1011 1225 1069 1274 in
1105 1237 1220 1276 rem
1257 1229 1375 1279 eius
1411 1245 1625 1285 versum
1698 1273 1710 1285 .
1783 1274 1794 1285 .
1868 1277 1880 1288 .
1952 1265 1965 1278 ·

205 1344 621 1356 ......
721 1345 730 1355 .
802 1346 814 1356 .
929 1311 975 1360 si
1024 1324 1109 1362 res
1150 1312 1352 1364 minori
1403 1318 1678 1385 profuisse
1719 1328 1969 1390 potuerit

199 1475 241 1548 §.
282 1481 367 1548 39.
458 1521 469 1529 .
544 1519 554 1528 .
698 1482 898 1550 emptio
941 1489 1000 1533 et
1039 1483 1288 1537 venditio
1325 1487 1506 1540 bonae
1559 1491 1966 1548 fidei‘auctori·

898 1607 908 1618 .
981 1569 1107 1639 plic.
1147 1583 1457 1626 memorant
1494 1581 1664 1647 raptis
1703 1585 1967 1651 atquem

201 1691 904 1705 .........
956 1662 979 1707 t
1014 1660 1238 1712 terroris
1282 1661 1549 1716 iniectum
1590 1675 1655 1720 ut
1692 1670 1744 1719 ei
1783 1673 1966 1723 casula

200 1769 209 1779 ·
281 1779 982 1792 .........
1067 1744 1345 1801 scinderet
1377 1751 1625 1821 vitesque
1663 1753 1966 1825 inspectori

196 1867 730 1879 .......
800 1827 1005 1882 bonam
1055 1829 1220 1884 fidem
1257 1841 1463 1903 gestam
1502 1838 1563 1889 in
1599 1845 1963 1910 possessionis

202 1954 819 1969 ........
878 1917 1152 1970 auxilium
1191 1922 1310 1973 iure
1347 1938 1646 1995 congruum
1682 1927 1761 1979 ita
1800 1929 1965 1983 faciat

199 2041 984 2053 ..........
1083 2022 1114 2057 a
1152 2009 1421 2062 aestimet.
1493 2011 1617 2064 Dat.
1652 2015 1792 2084 prid.
1833 2034 1960 2071 non.

198 2178 237 2250 ς.
274 2180 358 2246 4ο.
454 2185 497 2228 .’
542 2216 896 2229 .....
1040 2187 1096 2231 te
1131 2182 1305 2248 patris
1342 2190 1408 2236 ut
1438 2184 1713 2240 Maximus
1755 2190 1964 2244 adserit

204 2302 730 2315 .......
787 2276 1077 2335 conparata
1135 2270 1379 2319 omnium
1416 2270 1680 2324 heredum
1728 2290 1956 2330 conmu-

206 2387 734 2402 .......
805 2368 960 2404 suam
1000 2369 1223 2424 quoque
1261 2362 1539 2409 consortes
1581 2357 1876 2438 obtineant
1917 2368 1931 2429 Ι

204 2561 303 2614 bus
354 2580 564 2617 eorum.
726 2565 820 2686 662
859 2566 944 2618 Kl.
980 2568 1185 2636 suppia
1229 2567 1403 2621 Iidem
1439 2570 1504 2622 id
1535 2574 1954 2641 rescripserunt.

200 2634 314 2684 BL:
354 2632 550 2688 eadem
586 2636 650 2688 in
686 2653 788 2689 ver·
824 2654 860 2689 a
892 2654 1057 2690 rescr.
1200 2641 1294 2706 67)
1329 2640 1583 2693 Prae-ridi
1624 2647 1951 2712 provinciae

194 2701 591 2773 lugdunensis
625 2708 852 2778 primae.
926 2708 1008 2759 Cf.
1066 2708 1124 2762 L.
1173 2727 1214 2760 ι.
1255 2708 1363 2766 Th.
1400 2711 1457 2762 C.
1500 2710 1620 2762 sine
1659 2727 1825 2765 censu
1869 2717 1952 2768 vc!

200 2773 441 2845 reliquis
483 2776 597 2845 (ιι,
637 2781 728 2847 3.).
770 2778 897 2831 Mai.
