2352 4157
409 395 445 457 Q
1111 397 1201 455 Ex
1238 396 1479 451 ΕΜΡΤΟ

406 535 666 592 colonum
696 537 962 606 ‘emptoris
998 534 1315 606 decipiendi
1357 526 1520 589 causa
1559 534 1885 604 subposuit,
1934 551 2003 587 ex
2039 550 2159 588 ern-

406 631 507 695 pto
542 622 843 675 tenebitur.
931 620 1041 676 necv
1070 624 1273 677 idcirco
1328 635 1475 674 recte
1532 622 1877 683 defenditur,
1930 622 2001 684 si,
2041 637 2158 694 quo

406 709 627 764 facilius
693 711 1054 780 excogitatam
1126 709 1378 763 fraudem
1428 711 1732 772 retineret,
1786 706 2045 760 colonum
2100 714 2161 760 et

407 799 658 869 quinque
701 813 969 851 annorum
1026 798 1307 852 mercedes
1357 799 1419 850 in
1466 796 1630 848 fidem
1680 812 1829 848 suam
1880 796 2157 866 recipiatz

378 874 663 955 ¹alioquin
698 887 745 938 si
783 886 929 938 bona
966 885 1075 938 fide
1113 887 1352 950 locavit,
1394 890 1682 952 suspectus
1719 870 1848 935 non‘
1876 885 2005 942 erit.

408 971 451 1044 §.
499 972 577 1039 ⁸4·
652 972 794 1040 Lege
839 972 1178 1026 venditionis
1214 962 1461 1040 inempto
1498 969 1734 1038 praedio·
1762 970 1907 1021 facto
1944 970 2159 1022 fructus

405 1060 618 1110 interea
655 1068 941 1129 perceptos
980 1059 1188 1111 iudicio
1231 1057 1443 1111 venditi
1483 1059 1702 1111 restitui
1737 1055 1965 1124 placuit,
2008 1072 2167 1125 quo·

405 1145 555 1198 niam
606 1161 670 1198 eo
707 1146 828 1197 iure
869 1152 1209 1198 contractum
1244 1145 1304 1196 in
1346 1144 1575 1197 exordio
1611 1143 1857 1196 videtur:
1895 1143 2062 1195 sicuti
2101 1135 2168 1196 in

406 1233 641 1301 pecunia
677 1240 885 1302 quanto
922 1236 1152 1285 minoris
1200 1232 1474 1296 venierit,
1526 1232 1595 1283 ad
1648 1230 1793 1283 diem
1829 1229 2012 1298 pretio
2045 1243 2166 1281 non

407 1319 606 1371 soluto.
680 1319 784 1372 Cui
823 1336 936 1372 non
962 1326 1059 1372 ’est
1099 1312 1432 1373 contrarium
1465 1310 1737 1371 iudicium
1772 1317 1842 1369 ab
1880 1314 2166 1369 aedilibus

408 1406 470 1456 in
508 1403 710 1456 sactum
747 1405 817 1458 de
854 1407 1214 1475 reciperando
1270 1408 1480 1475 pretio,
1533 1407 1807 1474 mancipio
1862 1402 2156 1465 redditur,

409 1493 540 1562 quia
582 1492 932 1563 displicuisse
972 1494 1305 1563 proponitur
1322 1494 1378 1561 ²⁹3
1423 1493 1572 1566 quod
1608 1509 1721 1544 non
1764 1493 1873 1544 erit
1903 1506 2160 1545 necessa-

407 1579 569 1641 rium,
607 1580 652 1631 si
691 1578 884 1631 eadem
921 1580 1042 1649 lege
1075 1586 1415 1633 contractum
1461 1579 1802 1636 ostendatur.

409 1664 456 1734 ς.
502 1668 576 1717 15.
651 1666 883 1718 Fructus
918 1664 1261 1734 pendentes,
1304 1668 1407 1719 etsi
1449 1667 1647 1718 maturi
1682 1666 1937 1727 fuerunt,
1972 1665 2023 1715 si
2065 1680 2162 1717 eos

414 1752 670 1805 venditor
707 1760 832 1822 post
884 1753 1264 1806 venditionem
1318 1761 1446 1806 ante
1495 1753 1639 1806 diem
1695 1753 1944 1806 solvendi
1990 1751 2166 1821 pretii

413 1842 700 1910 percepit,
755 1843 990 1909 emptori
1044 1840 1416 1894 restituendos
1454 1855 1571 1892 esse
1614 1842 1904 1904 convenit,
1958 1840 2007 1892 si
2046 1854 2166 1891 non

409 1926 566 1979 aliud
605 1927 750 1979 inter
785 1927 1170 1980 contrahentes
1208 1929 1417 1996 placuit
1455 1929 1537 1987 29‘.

410 2014 454 2085 ς.
501 2015 583 2070 ι6.
657 2014 801 2066 Vino
825 2021 1033 2066 mutato
1063 2015 1368 2085 periculum
1392 2021 1691 2084 emptorem
1715 1998 1945 2083 spectat,
1966 2027 2168 2077 quam-

411 2101 494 2153 vis
531 2106 658 2152 ante
696 2101 839 2153 diem
879 2102 1048 2170 pretii
1086 2102 1336 2154 solvendi
1372 2102 1461 2154 vel
1500 2100 1823 2153 condicione
1862 2100 2164 2167 emptionis

412 2187 624 2256 inpleta
651 2190 698 2224 ²⁰
753 2187 811 2238 id
855 2191 1118 2246 evenerit.
1216 2189 1416 2258 quodsi
1467 2188 1619 2240 mille
1670 2185 1959 2255 amphoras
2013 2193 2168 2239 certo

412 2277 596 2343 pretio
657 2290 885 2344 corpore
920 2292 1034 2327 non
1073 2276 1446 2329 demonstrato
1484 2276 1602 2329 vini
1638 2272 1911 2336 vendidit,
1947 2272 2170 2324 nullum

423 2364 690 2433 emptoris
729 2363 940 2415 interea
975 2364 1279 2430 periculum
1318 2365 1439 2414 erit.
1945 2349 1950 2353 ⁴

420 2448 464 2520 §.
508 2465 589 2518 ¹7·
663 2448 925 2500 Evictis²¹
960 2449 1145 2517 agnis,
1188 2449 1387 2517 quanti
1425 2448 1683 2517 emptoris
1740 2448 1973 2499 interest
2021 2446 2194 2499 iudi--

419 2535 506 2587 cio
545 2536 714 2605 empti
757 2534 825 2585 lis
865 2534 1202 2588 aestimatur.
1287 2535 1483 2608 quodsi
1520 2536 1588 2587 ab
1628 2535 1791 2589 initio
1827 2534 2090 2608 convenit
2106 2537 2179 2595 ²²,

1022 2670 1137 2679 ———-
1990 2676 1996 2681 .
2039 2633 2080 2666 q
2109 2661 2128 2678 Β

1888 2699 1895 2706 ·
1981 2685 2010 2716 t

418 2736 737 2804 excogitata
770 2736 946 2809 ftaus
981 2736 1330 2799 occultetur,
1388 2739 1643 2790 colonum
1682 2748 1737 2790 ct
1782 2735 2170 2809 quinquennii

414 2809 709 2879 pensiones
785 2808 847 2859 in
883 2805 1061 2873 fidem
1132 2817 1310 2859 suam'
1354 2809 1609 2877 recipiat.
1852 2807 1933 2875 ¹9)
1990 2806 2170 2863 Locus

418 2885 707 2948 corruptus
763 2893 830 2928 ex
883 2878 1023 2929 coni.
1075 2876 1238 2944 Nieb.
1293 2877 1473 2931 Haub.
1521 2878 1607 2927 Kl.
1660 2874 1736 2927 ita
1791 2876 2171 2928 restituendus

419 2956 531 3001 ests
588 2948 972 3006 contrarium,
1032 2945 1188 3018 quod
1235 2945 1503 2999 iudicium
1549 2982 1564 2996 .
1607 2987 1623 3004 .
1663 2981 1677 2996 .
1718 2948 1999 3017 mancipio
2038 2945 2174 3000 red·-

419 3016 578 3079 dito,
653 3020 789 3090 quia
846 3014 1256 3086 displicuisset,
1320 3017 1669 3088 proponitur.
1764 3016 1851 3085 Bg.
1899 3016 2173 3069 fortasse:

417 3089 603 3157 pretio
638 3088 911 3159 mancipii
939 3086 1255 3154 redditum‚·
1293 3088 1360 3138 cf.
1398 3093 1584 3137 tamen
1620 3087 1676 3137 Lz
1711 3087 1795 3143 31.
1826 3084 1968 3156 §.17.
1994 3087 2058 3135 D.
2102 3087 2177 3138 de

423 3160 546 3210 aed.
604 3156 800 3208 edict0.
912 3157 1040 3208 Mai.
1098 3173 1197 3224 pro
1260 3158 1537 3222 mancipio
1603 3155 1830 3208 coniicit
1906 3157 2174 3227 mancipi.

432 3228 542 3298 19*)
591 3226 896 3279 Librarium
969 3227 1133 3279 verba
1199 3229 1458 3280 convenit
1502 3233 1559 3277 e't
1614 3227 1835 3295 placuit
1907 3227 2056 3278 inter
2116 3242 2177 3279 ee

426 3300 837 3349 commutavisse
874 3299 1139 3365 suspicari
1174 3299 1366 3365 possis.
1584 3297 1684 3366 πο)
1747 3296 1971 3363 Coi-rige
2037 3299 2179 3349 cort-'-

428 3365 702 3422 dicionem
754 3376 771 3420 ’.
817 3405 830 3418 .
875 3410 888 3423 .
937 3368 1217 3435 inpletam.
1270 3367 1399 3417 Mai.
1443 3369 1537 3434 Bg.
1610 3366 1699 3435 αι)
1747 3366 1811 3417 In
1849 3366 1907 3416 L.
1958 3367 2039 3419 18.
2092 3382 2178 3432 pr.

430 3439 498 3495 D,
539 3437 606 3489 de
645 3439 823 3491 usuris
859 3438 1029 3489 Paulli
1068 3438 1212 3487 libro
1255 3438 1342 3486 ΠΙ.
1384 3435 1787 3503 Responsorum
1821 3435 2182 3496 tribuuntur,

431 3525 571 3579 quae
611 3510 898 3581 Papiniani
934 3524 1050 3560 csse
1090 3508 1263 3575 magis
1300 3514 1384 3559 est
1420 3515 1482 3558 ut
1525 3505 1784 3558 dicamus.
1909 3507 2001 3576 22)
2043 3504 2178 3574 Dig.
