2352 4157
800 406 895 463 m:
916 392 1368 468 vsmmuc'w.
1884 376 1961 468 τιὸ

200 543 241 615 ς.
307 545 396 604 81.
489 542 845 612 Papinianus
902 559 1127 615 quoque
1168 542 1314 595 libro
1381 540 1578 595 xvm,
1642 539 1955 610 Quaestio-

202 648 333 683 num
385 631 721 684 sententiam
761 628 955 683 Nerati
992 629 1226 700 probat,
1262 645 1404 698 quae
1442 645 1554 681 non
1592 636 1677 682 est
1713 630 1833 683 sine
1871 644 1961 680 ra-

208 717 383 769 tione.

207 803 247 873 §-
290 808 380 858 82.
459 802 673 856 Poterit
712 800 943 871 quaeri,
980 801 1025 851 si
1061 797 1281 851 duobus
1316 800 1483 851 servis
1520 797 1819 851 heredibus
1863 799 1961 851 in-

207 889 421 940 stitutis
503 886 741 940 deducto
796 887 1083 938 usufructu
1122 886 1430 953 proprietas
1480 887 1556 938 sit
1602 886 1821 955 legata,
1884 901 1958 938 an

216 974 398 1026 altero
475 972 738 1026 defuncto
821 973 1166 1024 ususfructus
1243 972 1569 1040 proprietati
1637 968 1963 1025 adcrescat?

208 1075 340 1112 nam
378 1059 524 1111 illud
565 1066 813 1122 constat,
863 1064 930 1110 ut
966 1065 1022 1109 et
1061 1058 1311 1111 Iulianus
1348 1057 1443 1109 lib.
1486 1057 1698 1111 XXXV.
1729 1059 1962 1122 scribit,

204 1152 261 1198 et
286 1146 622 1216 Pomponius
642 1145 745 1199 lib0
764 1146 881 1196 vn.
897 1160 964 1196 cx
983 1144 1198 1197 Plautio
1223 1160 1335 1195 non
1358 1144 1635 1214 reprobat,
1672 1145 1719 1196 si
1743 1145 1962 1198 duobus

205 1232 379 1283 servis
418 1231 554 1282 meis
591 1230 931 1282 ususfructus
971 1229 1214 1298 legetur,
1250 1237 1309 1283 et
1327 1232 1466 1282 alter
1486 1228 1800 1294 decesserit,
1839 1248 1961 1285 cum

203 1334 306 1386 per
342 1323 643 1385 utrumque
681 1317 1019 1387 quaesissem
1059 1315 1495 1379 usumfructum,
1532 1318 1617 1369 ius
1640 1314 1963 1371 adcrescen-

204 1403 261 1454 di
296 1419 386 1455 me
425 1401 667 1469 habere3
737 1417 895 1465 cum,
949 1401 996 1453 si
1034 1401 1261 1454 alterius
1296 1403 1538 1473 nomine*
1571 1401 1974 1469 repudiassem,

202 1487 437 1541 alterius
475 1489 842 1560 quaesissem,
883 1484 1143 1540 haberem
1184 1487 1406 1558 quidem
1447 1488 1840 1541 usumfructum
1869 1498 1963 1540 to-

201 1582 320 1626 tum
358 1574 480 1624 iure
522 1573 912 1635 adcrescendi,
972 1573 1069 1626 sed
1126 1590 1194 1624 ex
1241 1574 1411 1625 solius
1462 1589 1699 1643 persona
1735 1576 1962 1628 amitte-

202 1676 337 1714 rem.
382 1659 445 1711 in
482 1660 767 1729 proposito
790 1667 1000 1726 autem,
1037 1660 1309 1730 siquidem
1333 1677 1465 1728 pure
1493 1659 1695 1712 fundus
1720 1658 1882 1733 [..¹2⁵.
1903 1660 1954 1732 ,1

198 1761 318 1799 non
378 1761 449 1796 ex
492 1760 728 1814 persona
783 1747 947 1802 servi.
1016 1746 1088 1798 Et
1139 1746 1217 1798 ita
1273 1746 1518 1799 Iulianus
1572 1763 1793 1816 quoque
1860 1747 1961 1798 lib.

200 1830 415 1884 XXXV.
458 1829 582 1899 mg.
621 1830 849 1893 scribit,
886 1831 1136 1900 quamvis
1160 1831 1419 1884 Scaevoia
1456 1833 1607 1901 apud
1639 1832 1961 1886 Marcellum

208 1917 477 1970 dubitans
513 1923 685 1969 notet.
757 1916 826 1970 At
845 1917 912 1953 ¹²⁶
965 1920 1010 1969 si
1049 1917 1150 1970 sub
1196 1918 1522 1970 condicione*
1579 1920 1653 1971 sit
1702 1918 1954 1987 legatus,

195 2006 402 2080 potius
443 2019 512 2055 ex
550 2018 778 2072 persona
817 2003 1025 2056 domini
1069 2005 1332 2057 constitui
1369 2004 1768 2058 usumfructum
1807 2005 1989 2060 Mar--v

178 2078 522 2157 ‘oenus-lib.
558 2090 702 2142 xm.
750 2091 873 2160 Dig.
904 2091 1128 2157 scribit3
1168 2093 1267 2143 ubi
1307 2094 1564 2146 Scaevola
1599 2100 1784 2146 notat:
1822 2094 1963 2164 quid

203 2179 249 2228 si
303 2176 495 2246 pure?
564 2176 660 2229 sed
720 2176 977 2231 dubitare
1024 2192 1140 2230 non
1175 2178 1405 2242 debuit,
1463 2195 1585 2231 cum
1623 2186 1681 2229 et
1715 2180 1962 2232 Iulianus

205 2264 413 2316 scribat
481 2279 549 2314 ex
611 2278 842 2331 persona
895 2265 1033 2316 servi
1087 2266 1371 2322 constitui.
1454 2265 1752 2319 secundum
1813 2281 1961 2335 quae

207 2349 295 2399 ius
343 2346 699 2400 adcrescendi
737 2350 916 2401 locum
952 2349 1185 2403 haberet
1204 2356 1271 2388 ¹²⁷
1306 2353 1363 2404 in
1381 2352 1599 2404 duobus
1633 2353 1839 2414 servis,
1879 2352 1958 2402 si-

209 2435 332 2505 quis
354 2433 682 2486 contrariam
719 2436 1053 2488 sententiam
1090 2437 1369 2507 probaret.
1423 2438 1520 2491 sed
1555 2455 1719 2501 nunc,
1761 2452 1958 2489 secun-

207 2522 341 2572 dum
382 2518 589 2572 Iuliani
625 2522 959 2575 sententiam
999 2531 1056 2582 et
1091 2525 1301 2589 Nerati,
1339 2531 1514 2578 cessat
1543 2526 1814 2597 quaestio.

204 2605 247 2675 §-
300 2607 388 2658 83.
461 2606 686 2658 Νοιι128
752 2610 930 2660 solum
988 2615 1169 2661 autem
1242 2612 1289 2662 si
1345 2610 1562 2663 duobus
1618 2611 1689 2662 do
1747 2612 1870 2679 lego
1890 2611 1957 2648 ¹2⁹

204 2691 553 2744 ususfructus
613 2693 862 2761 legetur,
897 2696 1005 2746 erit
1039 2698 1125 2748 ius
1165 2697 1516 2750 adcrescendi
1537 2734 1557 2759 ,
1592 2713 1780 2749 verum
1820 2699 1866 2749 si
1889 2699 1960 2735 ²³⁸

209 2779 377 2833 alteri
416 2778 788 2845 ususfructus,
830 2782 993 2835 alteri
1035 2784 1344 2853 proprietas
1368 2785 1465 2851 ¹³²3
1501 2798 1624 2837 nam
1662 2786 1955 2839 amittente

198 3089 282 3123 me
326 3087 519 3123 meam.
626 3073 739 3143 125)
778 3073 980 3125 Sensus
1018 3075 1298 3139 postulare
1337 3073 1554 3130 videtur
1597 3080 1657 3129 ut
1686 3077 1948 3147 suppres-

198 3157 357 3191 mus:
408 3142 628 3211 legatus
663 3145 758 3206 sit,
820 3162 889 3196 ex
918 3162 1165 3213 persona
1202 3146 1352 3197 servi
1389 3150 1752 3201 constituitur·
1788 3167 1948 3205 usus-

191 3209 461 3279 fructum
508 3214 560 3265 si
594 3229 730 3265 vero
769 3215 866 3266 sub
905 3211 1271 3277 condicione,
1306 3232 1377 3269 ex
1422 3234 1663 3286 persona
1706 3216 1941 3284 domini,

196 3297 318 3331 non
364 3281 462 3334 rel.
651 3285 768 3350 126)
806 3284 881 3333 .V.
926 3280 1023 3333 Ad.
1209 3293 1332 3351 ης)
1387 3285 1470 3336 Ita
1506 3288 1942 3353 Heimsoeth,et

199 3354 383 3411 recto,
462 3359 692 3402 uantum
727 3351 905 3406 video.
977 3353 1043 3404 V.
1085 3359 1140 3403 et
1179 3352 1312 3410 Mai.
1348 3354 1570 3411 hahere.
1716 3360 1835 3427 ηδ)
1878 3361 1946 3412 L.

196 3420 228 3471 3
275 3418 320 3489 §.
339 3436 386 3471 2.
424 3366 494 3468 ῗ).
558 3420 650 3472 cit.
870 3424 993 3492 ¹29)
1059 3422 1182 3488 Dig.
1246 3439 1359 3473 non
1412 3424 1623 3480 habent
1675 3427 1747 3482 do
1796 3431 1935 3499 lego.

203 3490 335 3553 130)
371 3487 497 3561 Dig.
534 3502 615 3545 est
650 3494 741 3548 ius
776 3509 966 3556 acen,
1004 3508 1199 3547 verum
1235 3505 1289 3547 et
1324 3494 1391 3550 εἰ.
1530 3500 1653 3564 131)
1692 3498 1813 3569 Dig.
1850 3500 1938 3553 al·
