2352 4157
714 349 811 404 ετ·
845 352 1485 411 mocon-romnus,
1692 340 1698 346 ’
1872 364 1977 426 109

220 517 776 541 .......
826 489 967 560 itm-3
1025 492 1158 561 quia
1195 508 1379 561 neque
1415 492 1672 548 dominus
1712 495 1969 550 condem-

220 582 390 623 natus
424 583 508 624 cst
529 569 576 608 ⁶⁷
591 612 1226 635 ........
1301 587 1357 632 et
1394 582 1441 631 si
1480 582 1727 651 cognitor
1761 585 1820 636 in
1856 601 1967 638 rem

218 673 375 711 suam
395 657 443 694 ⁶⁷
488 696 1043 725 .......
1115 666 1178 718 in
1218 666 1577 720 remffl‘sunm
1616 669 1745 720 dato
1782 669 1872 724 bis
1908 674 1969 724 in

217 778 1121 810 ...........
1196 754 1284 806 vel
1320 756 1604 824 cognitore
1642 759 1968 812 transfertur

218 868 676 892 ······

221 914 262 986 §-
304 914 410 985 340
415 953 1116 981 .........
1173 924 1373 996 fimae
1406 928 1715 997 periculum
1755 932 1972 1002 inrogat

217 1039 1299 1070 .............
1349 1015 1689 1085 cognitorem
1729 1018 1967 1087 dirigere

216 1126 854 1146 ........
879 1115 882 1119 ’
925 1136 940 1154 .
1013 1099 1263 1151 .actio⁵⁹
1296 1103 1579 1170 popularis
1626 1105 1962 1172 cognitorem

219 1211 856 1237 ........
895 1194 1019 1252 post
1043 1183 1089 1219 ⁶⁹
1127 1185 1284 1238 litem
1322 1196 1680 1242 contestatam
1718 1191 1965 1244 admittit

214 1298 774 1321 .......
832 1264 1099 1322 iudicium
1117 1275 1160 1306 ⁷0
1195 1275 1445 1343 accipere
1476 1278 1690 1343 cogitur
1726 1281 1959 1331 maxime

224 1385 768 1404 .......
792 1390 795 1395 .
843 1391 856 1404 .
931 1395 947 1411 .
1022 1391 1035 1404 ·
1109 1394 1122 1409 .
1196 1399 1209 1412 .
1284 1368 1307 1411 t
1339 1364 1600 1430 capitales
1640 1365 1956 1421 inimicitias

211 1469 583 1494 ·····
604 1451 622 1469 ⁹
655 1473 668 1487 ·
741 1475 756 1491 .
826 1475 841 1492 .
916 1479 930 1496 .
999 1447 1348 1516 permittitur
1380 1453 1424 1485 70
1455 1453 1734 1509 excusatio
1771 1453 1959 1519 cogni-

211 1513 395 1576 tori*
467 1561 482 1577 .
558 1562 574 1582 .
644 1567 658 1582 .
709 1526 761 1578 si
795 1540 1077 1597 suspectus
1096 1537 1140 1568 ⁷²
1184 1541 1336 1587 tutor
1372 1536 1685 1603 postuletur
1705 1535 1954 1609 defenso·

212 1625 327 1661 rem
367 1608 489 1662 eius
527 1623 780 1679 oportere
822 1615 988 1668 etiam
1026 1616 1093 1672 dc
1154 1622 1281 1673 i·ato
1319 1637 1558 1686 cavere,
1597 1642 1665 1677 ne
1708 1641 1958 1677 reversus

207 1697 311 1749 ille
352 1695 487 1748 velit
521 1704 848 1762 retractare,
905 1703 1055 1772 quod
1095 1716 1279 1759 actum
1318 1722 1416 1766 esc.
1489 1709 1601 1762 Sed
1632 1729 1746 1764 non
1779 1711 1955 1777 facile

198 1800 310 1853 per
344 1796 769 1853 procuratorem
810 1789 934 1855 quis
969 1806 1249 1861 suspectus
1269 1796 1654 1859 accusabitur,
1693 1797 1954 1867 quoniam

206 1869 477 1920 famosa⁷²
531 1885 690 1922 causa
731 1881 846 1938 est,
884 1876 994 1927 nisi
1034 1891 1250 1933 constet
1288 1882 1344 1934 ei
1390 1901 1425 1935 a
1477 1894 1660 1936 tutore
1716 1881 1954 1937 manda-

205 1967 321 2005 tum
356 1946 687 2010 nohzinatim
712 1959 768 2008 ⁷³.

204 2039 250 2112 S.
282 2042 383 2111 341
395 2078 1007 2104 ........
1072 2069 1162 2103 um
1183 2055 1225 2092 ⁷⁴
1262 2051 1331 2104 de
1373 2053 1622 2122 pluribus
1661 2056 1950 2124 specielms

203 2165 574 2190 .....
646 2138 900 2197 effletur,
941 2137 1093 2207 quod
1135 2140 1318 2191 edicto
1357 2149 1577 2209 praetor
1609 2144 1951 2211 perspicien-

146 2257 153 2262 -
200 2214 328 2271 dum
356 2220 399 2253 '¹‘
401 2253 1025 2276 ........
1095 2224 1437 2293 facultatem
1477 2228 1563 2278 vel
1599 2245 1628 2279 a
1666 2230 1945 2295 cognitore

202 2338 1107 2367 ...........
1194 2310 1461 2362 iudicium
1504 2314 1864 2374 transferendi
1903 2315 1946 2350 ’⁶

1190 2434 1204 2447 .
1281 2400 1575 2470 cognitoris
1613 2404 1687 2454 sit
1723 2406 1945 2454 affecta·-

197 2679 563 2720 contestatam
598 2669 659 2719 in
691 2683 1112 2737 procuratorem
1158 2676 1251 2727 vel
1291 2679 1628 2744 cognitorem
1665 2681 1941 2749 transfer·

193 2750 288 2789 tur·
323 2735 607 2790 iudicium.
799 2740 891 2810 68)
928 2741 1009 2789 Ita
1044 2742 1255 2808 Blum,;
1295 2747 1408 2799 Mai
1462 2764 1586 2801 sem.
1728 2753 1823 2816 69)
1858 2752 1943 2801 lta

198 2805 406 2872 Blum.;
449 2806 649 2857 Buchh.
697 2810 840 2859 male
887 2824 1014 2863 ante
1051 2812 1086 2861 l.
1129 2832 1173 2868 c.
1212 2815 1414 2866 Sensus
1450 2826 1558 2869 est:
1598 2819 1746 2871 actio
1762 2837 1942 2888 popu-

193 2878 340 2928 lar-is
377 2877 714 2946 cognitorem
754 2894 883 2932 ante
927 2882 961 2930 l.
1000 2899 1043 2930 c.
1083 2902 1200 2936 non
1236 2884 1513 2958 admittit3
1548 2901 1670 2957 post
1710 2890 1747 2940 l.
1771 2889 1941 2942 aad·

190 2941 398 2998 ‘mitcit-
545 2949 633 3015 70)
670 2950 751 3000 Ita
792 2951 963 3006 Blum.
1011 2952 1093 3003 De
1130 2970 1287 3005 sensu
1329 2957 1395 3011 cf.
1439 2959 1495 3010 L.
1518 2960 1564 3010 8.
1589 2957 1746 3027 §.ulo
1769 2959 1826 3010 L.
1859 2960 1936 3024 14.

195 3016 258 3065 D.
296 3015 368 3067 de
409 3033 620 3084 procur.
817 3023 911 3088 71)
945 3023 1094 3072 Haec
1129 3024 1335 3076 Buchh.
1375 3029 1621 3079 restituit
1654 3045 1721 3079 ex
1761 3028 1815 3078 L.
1840 3032 1931 3094 39.

194 3084 220 3154 §
257 3087 395 3152 7.D.
428 3086 497 3138 de
539 3103 751 3153 procur.
784 3091 944 3141 inscr-
983 3091 1134 3145 Idem
1171 3095 1338 3166 (Ulp.)
1378 3098 1474 3149 lib.
1511 3100 1613 3153 IX.
1688 3097 1765 3151 ad
1818 3099 1936 3153 edi-

193 3169 355 3207 ctum.
430 3171 573 3225 quae
613 3157 717 3207 inc.
756 3158 904 3212 Idem
939 3163 1054 3222 ait,
1093 3166 1157 3214 εἰ.
1288 3167 1375 3233 72)
1413 3168 1764 3241 Digfhmae.
1841 3171 1931 3238 73)

192 3226 460 3293 Sequitur
499 3228 554 3277 in
597 3228 716 3294 Dig,
755 3243 855 3281 aut
896 3233 946 3282 si
997 3233 1165 3284 etiam
1223 3237 1441 3289 absente
1477 3252 1699 3298 tutore,
1768 3242 1937 3302 attasi

194 3313 309 3347 non
345 3294 768 3368 defenderetur,
799 3314 1031 3366 praetor
1070 3318 1191 3356 erat
1227 3308 1570 3375 cogniturus.
1644 3306 1733 3377 74)
1763 3311 1931 3359 Blum.

192 3366 369 3433 suppl.
451 3366 575 3421 Hoc
629 3366 863 3421 edictum
921 3368 987 3422 d'e
1031 3373 1174 3440 plur.
1220 3393 1361 3443 spec.
1403 3379 1671 3450 loquitur.
1745 3382 1932 3433 Primo

192 3437 337 3491 enim
376 3436 471 3491 rel.
615 3439 704 3508 75)
737 3438 818 3489 lta
861 3440 1062 3496 Buchh.
1218 3447 1308 3517 76)
1348 3446 1601 3505 Fortasse
1639 3449 1930 3519 legendum
