2352 4157
823 407 918 461 ET
959 403 1285 462 nonnus.
1870 404 1940 493 43

190 548 350 618 Augg.
396 546 545 600 Iulio
586 547 646 597 Iu
685 586 694 597 .
738 586 747 596 .
785 559 893 601 tam
922 552 966 585 ⁶²
1022 550 1208 602 dotem
1262 554 1414 602 recte
1449 547 1605 601 reddi
1644 547 1753 600 sibi
1794 547 1940 600 desi-

190 635 374 688 derare
414 634 564 686 dixit
584 635 663 696 ⁵³,
728 652 869 705 quae
914 675 923 685 .
961 675 971 686 .
1008 675 1018 687 .
1055 636 1206 706 quod
1250 638 1415 688 etiam
1452 638 1511 687 in
1551 644 1705 704 patre
1744 653 1940 692 serva-

188 723 363 784 bitur,
404 723 504 792 qui
550 725 932 774 consentiente
975 724 1091 774 filia
1127 741 1188 776 re
1233 762 1243 773 .
1286 761 1299 775 .
1340 764 1354 779 .
1387 724 1430 758 ⁵⁴
1469 739 1570 775 nec
1610 726 1940 778 moratoriae

189 808 446 861 dilationi
483 810 640 861 locus
681 812 816 872 erit,
863 810 1013 880 quod
1050 812 1160 863 mal
1195 845 1209 863 .
1257 853 1271 868 .
1316 846 1328 861 .

189 896 226 966 §.
272 913 378 950 120.
458 898 731 965 Ulpianus
781 897 882 954 lib,
928 899 1169 955 ΧΧΧΙΙῘ.
1210 898 1280 949 ad
1316 897 1584 950 Edictum.
1657 896 1807 948 Inter
1852 912 1941 948 ce-

189 994 306 1036 tera
345 982 638 1036 reddenda
681 1021 693 1034 .
743 1026 757 1041 .
810 1023 823 1035 .
859 993 922 1037 ut
956 987 999 1021 ⁵⁵
1048 987 1421 1039 retentivum
1472 988 1613 1038 ratio
1647 983 1933 1036 habeatur.

189 1069 478 1141 Siquidem
523 1073 782 1124 convenit
820 1112 829 1123 .
870 1111 881 1123 .
927 1074 1106 1124 non⁵⁶
1155 1070 1399 1126 deterior
1442 1075 1587 1126 dotis
1630 1089 1790 1124 causa
1822 1072 1935 1134 fiat,

187 1159 289 1207 nisi
331 1160 391 1208 in
430 1175 562 1211 eum
601 1175 782 1210 casum
809 1198 822 1222 ,
859 1152 968 1230 q‘uo
1009 1203 1023 1217 .
1066 1198 1078 1210 .
1118 1164 1201 1211 ,⁵⁷
1238 1162 1342 1214 hoe
1380 1164 1527 1214 enim
1551 1163 1671 1213 iure
1695 1160 1935 1224 utimum

188 1251 240 1294 et
287 1245 537 1296 lulianus
579 1246 810 1308 scribit,
857 1256 911 1299 et
949 1257 1033 1299 est
1069 1248 1393 1318 rescriptum
1437 1288 1448 1299 .
1488 1288 1500 1301 .
1542 1287 1553 1302 .
1595 1248 1692 1300 dos
1718 1248 1762 1281 ⁵8
1800 1247 1936 1296 reti-

186 1333 300 1382 neri
339 1349 452 1382 uno
493 1334 612 1384 filio
653 1335 1060 1387 interveniente
1095 1345 1321 1406 potest,
1375 1337 1421 1388 si
1460 1334 1623 1388 modo
1659 1349 1774 1386 non
1819 1332 1937 1383 cul·

186 1421 405 1486 pa...⁵⁹
461 1421 664 1491 quodsi
730 1421 875 1473 nihil
918 1425 1206 1485 convenit,
1269 1407 1606 1476 exercendae
1661 1421 1933 1472 retentio-

189 1522 278 1557 nes
314 1523 433 1560 non
463 1515 598 1560 sunt
623 1509 681 1558 ⁵0.

188 1591 228 1661 S.
273 1611 383 1648 121.
461 1595 797 1663 Papinianus
826 1595 1209 1671 lib,1v.Resp.
1247 1598 1372 1651 Non
1400 1594 1469 1647 ab
1511 1610 1577 1648 eo
1622 1593 1780 1662 culpa
1825 1589 1937 1641 dis·

187 1681 426 1734 sociandi
467 1685 813 1737 matrimonii
845 1684 1135 1753 procedit,
1190 1689 1291 1757 qui
1347 1685 1602 1738 nuntium
1637 1678 1935 1733 τῖίνονῒίἱδι

184 1772 363 1835 misit,
402 1770 506 1824 sed
546 1773 639 1838 qui
680 1770 903 1824 discidii
942 1775 1327 1825 necessitatem
1367 1771 1586 1824 inducit
1618 1768 1676 1818 ⁵².

188 1855 225 1926 §.
270 1875 388 1910 ιω.
470 1861 625 1911 Item.
703 1859 1003 1922 Convenit,
1065 1870 1127 1911 ut
1183 1859 1418 1912 diffortio
1473 1855 1562 1911 vel
1619 1862 1792 1906 morte
1830 1853 1932 1904 viri

191 1944 363 1999 soluto
407 1948 770 2001 matrimonio
809 1986 819 1997 .
855 1984 866 1996 .
905 1984 917 1997 .

189 2109 270 2178 52)
305 2107 519 2160 Buchh.
550 2109 695 2161 Iulio
738 2110 964 2162 Iuliano
987 2150 1000 2163 .
1024 2147 1031 2155 .
1060 2108 1284 2164 Datum.
1359 2106 1447 2176 53)
1473 2107 1558 2155 lta
1583 2103 1848 2155 Mai.-V.
1895 2103 1935 2154 d

187 2194 300 2229 cum
347 2179 507 2231 linea
544 2182 789 2235 traiecta.
884 2183 963 2229 An
1004 2176 1315 2229 dixerunt?
1442 2177 1539 2246 54)
1581 2179 1663 2224 An
1705 2171 1930 2242 repudi-

187 2265 267 2300 um
302 2253 492 2312 misit,
528 2258 625 2299 aut
660 2253 859 2321 repetit
892 2248 1071 2301 dotem
1093 2249 1121 2299 Ρ
1155 2249 1494 2298 Postremum
1537 2242 1739 2295 Buchh.
1780 2259 1931 2293 rece-

185 2322 277 2385 pit.
400 2322 496 2388 55)
539 2321 850 2388 Legendum
897 2327 1059 2387 puto:
1099 2316 1178 2370 ad
1211 2317 1504 2377 Edictum,
1547 2317 1696 2367 inter
1726 2325 1925 2365 cetera.

186 2388 481 2443 Reddenda
520 2390 617 2442 dos
652 2406 730 2444 est
770 2394 891 2454 ita,
929 2401 1004 2441 ut.
1162 2390 1251 2458 56)
1292 2389 1432 2455 Lege
1472 2386 1779 2446 convenit,
1832 2402 1929 2436 ca·

184 2460 416 2513 vendam
457 2474 571 2522 est,
611 2481 694 2514 ne.
839 2465 929 2530 57)
968 2463 1082 2511 An:
1124 2478 1233 2531 quo
1268 2459 1391 2531 filii
1431 2470 1646 2512 exstent
1662 2458 1690 2506 .·'’
1835 2454 1931 2520 58)

187 2531 414 2599 supple:
477 2530 714 2598 Ideoque
764 2545 817 2585 et
866 2545 985 2583 tota
1040 2528 1156 2602 ἀρε.
1211 2533 1273 2581 cf.
1337 2531 1393 2582 L.
1439 2533 1525 2596 24.
1566 2529 1626 2577 D.
1667 2528 1735 2576 de
1783 2534 1923 2593 pact.

188 2597 290 2658 dot,
362 2602 459 2669 59)
480 2602 622 2653 Keil.
648 2621 761 2654 non
795 2604 961 2672 culpa
1005 2601 1199 2651 mariti
1233 2600 1539 2653 divortium
1558 2598 1788 2667 factum
1831 2609 1928 2654 est.

187 2671 270 2740 (io)
318 2675 614 2742 Reliquum
670 2675 903 2738 spatium
942 2673 1199 2722 versiculi
1235 2674 1504 2737 scriptura
1541 2685 1730 2720 vacare
1769 2667 1926 2718 vide-

187 2746 279 2789 tur.
317 2744 451 2794 Mai.
527 2744 724 2811 61)Sie
742 2745 871 2793 Mai.
912 2758 977 2791 ex
1016 2741 1182 2790 schol.
1220 2741 1369 2810 quod
1413 2743 1473 2791 in
1509 2756 1672 2808 marg.
1701 2739 1777 2788 ita
1808 2747 1926 2789 est:

186 2810 300 2861 Non
338 2814 409 2865 ab
450 2829 514 2864 eo
559 2816 774 2881 culpam
810 2813 1048 2865 divortii
1095 2811 1431 2880 procedere,
1490 2813 1591 2882 qui
1642 2808 1928 2877 repudium

187 2878 362 2944 dedit,
424 2882 523 2935 sed
561 2887 662 2954 qui
697 2883 874 2935 dandi
911 2886 1289 2935 necessitatem
1338 2881 1560 2933 indixit.
1641 2881 1787 2930 Corr.
1838 2884 1929 2930 in..

188 2948 355 3005 duxit.
392 2954 520 3004 Mai.
592 2957 685 3024 62)
723 2956 849 3006 Mai.
877 2956 928 3007 h.
957 2970 1178 3025 quoque
1212 2953 1250 3012 l,
1294 2954 1487 3026 corrigi
1528 2951 1644 3002 vult
1681 2948 1923 3002 induxit.
