2352 4157
853 431 1246 486 PRAEFA'HO.
1829 512 1830 521 ἵ
1858 435 1928 485 11

201 591 275 630 nu
295 581 536 632 auctum
559 581 622 632 et
648 574 1136 650 „commentario
1164 583 1295 632 tum
1317 571 1533 632 critico
1562 540 1693 633 tum
1722 595 1930 656 exege-

207 701 346 764 tico”
367 705 734 764 instructum
755 702 996 769 edidiffl.
1089 703 1185 762 Ita
1204 701 1498 763 deflorato
1524 706 1698 784 quasi
1718 702 1933 764 labore

203 832 511 895 Klenzium
543 834 748 896 adhuc
770 834 1018 896 editioni
1049 855 1113 895 se
1150 833 1515 896 subtraxisse
1538 835 1797 895 multum
1819 836 1931 898 do-

203 966 432 1028 lendum
480 978 597 1029 est.

353 1100 513 1159 Cum
559 1119 670 1158 nos
723 1096 1049 1158 editionem
1085 1117 1589 1180 praepararemus
1605 1143 1625 1173 ‚
1673 1111 1815 1160 ante
1867 1121 1933 1159 o·-

203 1233 351 1294 mnia
399 1231 799 1316 sperabamus
829 1230 968 1292 fore
989 1277 1011 1309 ,
1053 1241 1124 1291 ut
1175 1231 1363 1313 ipsius
1392 1230 1622 1293 codicis
1651 1231 1935 1295 Vaticani

206 1367 388 1430 denuo
426 1364 793 1450 inspiciendi
829 1373 1014 1447 atque
1031 1365 1382 1426 conferendi
1414 1366 1589 1448 copia
1626 1364 1805 1426 nobis
1827 1364 1938 1426 fie-

205 1510 325 1580 ret3
366 1499 429 1560 id
455 1496 627 1581 quod
644 1495 891 1557 fortuna
911 1492 1087 1555 nohis
1115 1496 1360 1562 invidit.
1400 1495 1725 1557 Utendum
1751 1498 1940 1580 igitur

208 1644 322 1695 erat
365 1633 439 1694 iis
478 1629 804 1708 subsidiis,
846 1651 1004 1713 qnae
1026 1632 1228 1691 Maius
1249 1631 1407 1713 ipse,
1452 1651 1731 1713 quaeque
1760 1639 1946 1691 notae

206 1784 382 1826 manu
433 1765 704 1846 scriptae
743 1765 1021 1825 virorum
1062 1764 1428 1840 doctorum,
1475 1785 1512 1823 a
1552 1761 1811 1823 Klenzio
1872 1761 1949 1820 li-

206 1891 487 1954 beraliter
540 1894 864 1957 nobiscum
921 1898 1441 1971 communicatae,
1496 1897 1949 1978 praestiterunt.

210 2023 454 2089 Nomina
512 2048 728 2091 eorum
770 2040 953 2092 sunt:
1030 2029 1391 2093 Barkowius
1408 2031 1505 2106 ²⁰,
1565 2027 1840 2090 Blumius
1869 2031 1945 2104 ¹¹,

287 2406 347 2471 9)
386 2401 668 2454 Iudicium
730 2399 800 2451 de
855 2399 960 2450 hac
1015 2397 1263 2450 editione
1314 2396 1479 2449 huius
1534 2398 1639 2450 loci
1689 2413 1804 2449 non
1860 2405 1959 2453 est.

217 2485 444 2541 Silentio
484 2496 670 2540 tamen
724 2486 1027 2555 praeterire
1080 2503 1195 2535 non
1244 2501 1497 2553 possum,
1548 2484 1962 2536 emendationes·

219 2580 327 2627 tum
376 2593 407 2629 a
451 2574 683 2630 Savinio
745 2589 960 2623 mecum
1005 2574 1434 2623 communicatas
1486 2580 1602 2621 tum
1647 2587 1677 2621 a
1717 2587 1802 2622 me
1827 2586 1960 2639 pro-

213 2664 451 2730 positas,
490 2678 625 2733 quas
668 2676 735 2711 ex
771 2658 972 2714 scholis
1010 2660 1146 2710 meis
1190 2674 1248 2708 se
1270 2658 1547 2726 accepisse
1571 2655 1960 2709 Buchholtzius

222 2746 486 2811 declarat,
547 2764 742 2816 parum
795 2751 1049 2798 accurate
1107 2760 1232 2795 eum
1285 2743 1610 2798 reddidisse.
1710 2742 1964 2811 Exempli

220 2850 372 2887 causa
405 2835 667 2892 videatur
724 2832 764 2905 §
803 2833 888 2900 46.
933 2830 1032 2883 ubi
1088 2831 1239 2901 perit
1297 2832 1548 2899 scripsit,
1609 2830 1758 2899 quod
1800 2844 1967 2880 sensu

220 2930 389 2986 earet,
434 2939 536 2991 pro
580 2939 695 2973 non
734 2920 896 2991 perit.

292 3045 380 3109 ιο)
413 3038 966 3091 Animadversionum
1006 3037 1303 3089 nonnullas
1336 3034 1552 3105 publici
1588 3033 1721 3083 iuris
1760 3032 1970 3085 fecitin

221 3127 548 3181 Lectionum
600 3126 744 3176 iuris
783 3126 967 3177 civilis
1024 3141 1145 3194 cap.
1183 3124 1227 3180 Ι.
1276 3121 1429 3196 quod
1478 3117 1739 3190 praeside
1795 3123 1855 3170 A.
1908 3120 1970 3171 Ρ.

220 3214 459 3268 Barkow
493 3210 603 3281 defi
641 3215 705 3268 A.
746 3209 812 3263 de
850 3208 1137 3281 Russdorfi
1176 3206 1595 3280 Gryphiswald.
1645 3208 1793 3263 1828.
1835 3208 1885 3271 4.

296 3340 387 3395 ιι)
425 3330 510 3382 Ex
540 3329 687 3382 notis
715 3332 832 3382 eius
865 3346 1027 3380 manu
1054 3327 1291 3397 scriptis,
1330 3327 1532 3395 quibus
1557 3326 1636 3376 uti
1659 3326 1841 3388 licuit,
1870 3324 1977 3392 alpi-

222 3433 281 3469 ae
319 3417 542 3471 codicis
583 3417 906 3485 scripturam
944 3416 1249 3467 accuratius
1294 3429 1455 3483 quam
1495 3413 1630 3464 Maii
1669 3412 1980 3483 exemplum

225 3504 530 3568 exhibent,
567 3503 710 3555 aliae
748 3502 1096 3558 restitutioni
1135 3507 1421 3554 contextus
1456 3499 1781 3559 inserviunt.
