2352 4157
468 379 543 441 ἥδ
1004 379 1101 435 DE
1136 381 1233 438 Ex
1242 379 1657 437 CUSATIONE.

470 515 518 581 ς.
567 518 681 570 138-
753 515 908 567 Item.
941 514 1016 579 Ii,
1056 517 1152 586 qui
1190 518 1438 571 centuria
1467 530 1826 569 accensorum
1841 516 1886 549 ¹³
1901 514 2203 571 velaturum

470 607 602 652 sunt
623 640 638 663 ,
676 599 887 654 hahent
922 603 1330 655 immunitatem
1372 619 1402 654 a
1439 603 1630 654 tutelis
1661 610 1717 654 et
1750 602 1909 655 euris.

472 686 517 757 ς.
555 690 667 756 139.
739 685 822 738 De
858 688 1085 749 litibus,
1120 704 1256 759 quas
1298 694 1453 741 tutor
1489 703 1612 739 eum
1650 687 1868 757 pupillo
1901 686 2102 752 habet,
2138 705 2207 742 an

470 780 764 842 propterea
804 775 1134 827 excusetur?
1195 777 1261 826 Et
1298 774 1435 827 dicit
1462 775 1505 810 ¹⁴
1550 781 1843 844 propterea
1881 790 1994 827 non
2042 790 2209 828 excu-

475 859 744 925 sandum;
786 865 844 910 et
883 867 1073 912 extant
1108 863 1386 930 rescripta.

478 943 519 1014 §.
563 946 679 1013 140.
756 948 912 1004 Item,
944 947 1206 999 Veterani
1248 962 1472 1017 quoque
1503 950 1629 1015 post
1650 946 1878 998 emerita
1911 946 2207 1017 stipendia}

421 1075 437 1091 ,
476 1030 663 1093 missi,
698 1033 746 1081 si
772 1034 813 1066 *ὅ
863 1031 1094 1085 honesta
1129 1035 1391 1086 missione
1413 1071 1430 1098 ,
1484 1034 1544 1082 in
1578 1040 1909 1103 perpetuum
1950 1046 1981 1082 a
2026 1033 2215 1086 tutelis

485 1125 692 1168 vacant.

486 1202 532 1273 §0
580 1203 693 1270 141.
765 1202 918 1255 Item.
1009 1203 1454 1272 primipilaribus
1515 1202 1587 1253 ob
1647 1202 1706 1255 id
1765 1204 1993 1272 ipsum,
2070 1203 2220 1272 quod
2299 1266 2304 1267 ⁷

484 1289 855 1358 primipilares
898 1299 1056 1354 sunt,
1102 1291 1316 1344 vacatio
1370 1305 1402 1340 a
1458 1288 1649 1341 tutelis
1693 1304 1724 1338 a
1768 1288 1895 1340 divo
1932 1289 2217 1341 Hadriano

482 1374 602 1426 dari
644 1377 840 1445 coepit.

481 1462 530 1534 §.
578 1463 687 1529 ¹4²·
754 1461 909 1520 Item.
983 1463 1301 1514 Decuriaies
1338 1477 1595 1533 quoque,
1647 1463 1743 1532 qui
1799 1462 1872 1514 ob
1927 1461 1988 1512 id
2044 1464 2223 1532 ipsum

484 1554 715 1610 vacant,
771 1564 801 1598 a
840 1548 1028 1598 tutelis
1066 1548 1469 1602 coudccurialis
1494 1548 1536 1583 ¹⁶
1599 1547 1704 1598 filii
1740 1565 1854 1601 non
1891 1562 2087 1602 vacare
2111 1586 2127 1612 ,
2176 1547 2224 1600 si

497 1651 611 1686 non
645 1633 887 1685 habeant
923 1636 1085 1685 aliam
1122 1635 1550 1692 excusationem,

489 1720 534 1790 §.
583 1722 697 1790 143.
770 1720 925 1771 Item.
1003 1720 1197 1792 Neque
1249 1731 1430 1773 autem
1474 1721 1902 1791 primipilarium
1943 1721 2077 1784 filii,
2124 1738 2227 1775 ne·

490 1822 602 1878 que
629 1813 1009 1860 veteranorum
1036 1846 1049 1869 ,
1087 1823 1119 1856 a
1162 1809 1354 1859 tutelis
1393 1813 1736 1860 excusantur.

492 1892 535 1963 §.
585 1893 692 1962 144.
773 1895 925 1944 Item.
1000 1896 1050 1944 ls
1076 1931 1091 1956 ,
1127 1895 1226 1961 qui
1265 1895 1411 1946 inter
1443 1895 1637 1962 vigiles
1675 1893 1921 1955 militat,
1981 1893 2229 1963 quamvis

493 1985 619 2048 post
673 1979 903 2031 emerita
959 1979 1239 2049 stipendia
1294 1979 1539 2047 legitima
1600 1981 1801 2030 missus
1850 1979 1960 2039 sit,
2013 1995 2126 2031 non
2175 1981 2234 2031 in

494 2072 822 2135 perpetuum
861 2074 1014 2118 vacat
1065 2083 1096 2118 a
1151 2065 1377 2130 tutelis,
1441 2065 1539 2119 sed
1583 2069 1729 2119 intra
1784 2081 2022 2130 annum,
2070 2083 2235 2136 quam

494 2153 693 2205 missus
743 2159 860 2204 est:
899 2153 1040 2206 ultra
1078 2168 1191 2203 non
1227 2160 1400 2205 vacat.

498 2238 543 2310 §.
584 2240 698 2307 145.
773 2240 922 2290 Item.
996 2239 1242 2290 Officium
1264 2254 1488 2309 quoque
1518 2239 1761 2290 miiitare
1797 2243 2052 2291 excusat.
2085 2252 2242 2289 nam-

499 2330 667 2396 que¹⁷
707 2342 905 2377 munus
953 2327 1239 2377 emeritum
1276 2326 1545 2395 prodest3
1580 2324 1757 2377 multo
1792 2325 1962 2394 magis
1980 2340 2107 2376 cum
2127 2322 2240 2377 fre·

498 2418 817 2480 quentatur.
854 2412 897 2444 ²⁸

500 2495 544 2567 ς.
590 2496 704 2563 146.
777 2497 928 2547 Item.
985 2496 1097 2565 Qui
1116 2495 1314 2547 Romae
1336 2496 1657 2563 magistratu
1677 2496 2018 2565 funguntur,
2048 2511 2245 2566 quam-

502 2582 599 2634 diu
634 2581 740 2633 hoc
776 2580 1107 2652 funguntur,
1160 2581 1276 2633 dari
1315 2589 1525 2634 tutores
1561 2599 1674 2633 non
1711 2588 1961 2652 possunt.

500 2668 700 2740 §.147.
773 2669 928 2725 Item.
1012 2669 1375 2738 Imperatores
1436 2670 1615 2722 nostri
1683 2669 2130 2730 constituerunt,
2182 2684 2250 2720 ne

501 2754 646 2807 ultra
668 2755 713 2791 ²⁹
765 2753 1198 2807 ducentesimum
1257 2755 1574 2807 miliarium·
1609 2760 1830 2808 senator
1879 2755 2080 2824 populi
2135 2756 2251 2806 Ro-

502 2840 673 2898 mani,
708 2848 930 2910 cogatur
986 2856 1073 2893 res
1120 2841 1424 2911 pupillares
1477 2841 1884 2894 administrare.
1956 2841 2160 2910 ltaque
2197 2841 2255 2891 in

524 3101 609 3170 13)
650 3100 732 3152 lta
766 3098 939 3150 Bium.
985 3096 1140 3150 Bark.
1176 3099 1252 3138 -‘
1283 3100 1352 3155 V.
1393 3100 1523 3151 Mai.
1566 3116 1869 3153 censorum.
2054 3097 2144 3168 14)
2184 3098 2258 3147 lta

517 3170 587 3234 Y.
619 3171 704 3221 An
737 3167 991 3221 dicitur?
1044 3168 1173 3220 Mai.
1289 3171 1371 3239 15)
1423 3170 1685 3223 Voculam
1721 3172 1772 3221 si
1807 3166 2262 3237 superabundare

521 3241 646 3310 quis
685 3239 904 3292 dixerit.
1022 3241 1111 3301 16)
1150 3238 1232 3287 Ita
1268 3240 1399 3291 Mai.
1442 3266 1501 3279 —
1545 3240 1605 3290 V.
1640 3237 2087 3293 condemn-iales.
2183 3236 2265 3302 ¹7)

520 3311 670 3362 Infra
708 3310 750 3380 §.
789 3306 1021 3362 ”umbi
1058 3308 1207 3360 idem
1223 3309 1580 3376 fragmentum
1607 3310 1804 3362 iterum
1828 3310 2096 3370 occurrit,
2133 3306 2267 3358 scri·

520 3388 676 3448 ptum
710 3387 795 3429 est
836 3397 963 3431 nam
1001 3394 1135 3432 cum.
1328 3382 1410 3444 18)
1461 3380 1527 3429 ln
1566 3378 1606 3449 §.
1657 3397 1775 3433 222.
1817 3377 2089 3431 adiicitur
2138 3391 2266 3447 pro·

521 3447 673 3505 desse
718 3446 876 3503 debet
917 3448 1016 3503 rel.
1132 3449 1217 3519 ¹9)
1254 3446 1338 3498 lta
1375 3446 1504 3499 Mai.
1543 3449 1603 3500 in
1645 3449 1803 3518 add.;
1843 3449 1908 3502 V.
1946 3449 2130 3501 intra.
