2352 4157
416 352 496 455 ξ16
987 392 1084 450 DE
1121 391 1556 448 USUFRUCTU.

422 547 524 585 nec
562 529 902 583 ususfructus
939 534 1054 593 est,
1091 536 1148 583 et
1185 527 1456 598 pecuniae
1498 525 1805 582 dominium
1846 528 2168 597 fructuarii,

419 636 533 671 non
567 615 786 669 heredis
823 623 920 668 est.

394 696 467 773 ς.
512 708 598 773 47.
680 706 834 756 Item.
889 702 989 755 Per
1047 701 1515 771 mancipationem
1574 700 1773 754 deduci
1820 702 2172 755 ususfructus

419 799 621 862 potest,
658 805 772 840 non
808 790 976 842 etiarn
1009 789 1312 840 transferri.
1382 787 1482 841 Per
1519 786 1590 838 do
1650 789 1789 856 lego'
1815 789 2060 857 legatum
2113 796 2173 841 et

418 896 518 950 per
554 878 614 932 in
648 879 768 930 iure
803 875 1106 929 cessionem
1152 883 1209 927 et
1246 875 1447 929 deduci
1484 883 1541 928 et
1597 874 1717 927 dari
1750 881 1951 944 potest.
2026 876 2194 930 Item'ss

416 972 602 1038 potest
636 965 901 1016 constitui
939 970 993 1015 et
1011 962 1284 1035 familiae
1320 960 1735 1021 erciscundae²⁷
1766 961 1855 1014 vel
1885 965 2169 1015 communi

418 1050 724 1109 dividundo
774 1050 985 1117 iudicio
1036 1049 1303 1118 legitimo·
1395 1050 1459 1102 In
1508 1063 1567 1100 re
1623 1065 1727 1100 nec
1772 1050 2018 1120 mancipi
2068 1066 2171 1118 per

415 1140 772 1193 traditionem
811 1136 1007 1188 deduci
1039 1134 1379 1188 ususfructus
1424 1151 1535 1186 non
1571 1142 1784 1203 potest;
1820 1152 1924 1187 nec
1959 1137 2021 1188 in
2062 1136 2171 1189 ho-

414 1228 584 1288 mine,
620 1225 666 1276 si
694 1225 992 1294 <peregrino
1027 1221 1311 1275 tradatur:
1364 1220 1514 1274 civili
1566 1223 1738 1274 enim'
1768 1222 1989 1274 actione
2028 1239 2170 1278 con-

415 1313 577 1366 stitui
613 1319 814 1383 potest,
852 1328 966 1362 non
1002 1307 1327 1370 traditione,
1365 1323 1509 1379 quae
1552 1309 1688 1361 iuris
1725 1308 1971 1377 gentium
2011 1317 2118 1368 est.

413 1399 454 1470 §.
493 1402 577 1469 48.
656 1401 810 1454 Item.
855 1396 938 1448 Ad
976 1403 1188 1448 certum
1225 1403 1444 1465 tempus
1487 1402 1546 1447 et
1579 1395 1639 1448 in
1675 1397 1796 1449 iure
1829 1395 1952 1448 cedi
1990 1405 2049 1449 et
2076 1398 2167 1450 le·

411 1489 528 1554 gari
565 1494 622 1540 et
659 1484 834 1538 officio
875 1483 1073 1536 iudicis
1117 1485 1382 1536 constitui
1416 1489 1618 1552 potest.

410 1570 454 1643 §.
493 1573 577 1641 49.
649 1574 801 1626 Item.
844 1572 923 1623 Ex
957 1578 1106 1630 certo
1148 1578 1396 1639 tempore
1424 1569 1597 1638 legari
1637 1571 1905 1641 potestffl.
1977 1571 2065 1623 An
2106 1575 2170 1627 in

412 1661 533 1711 iure
569 1658 709 1722 cedi,
740 1660 826 1710 vel
867 1673 939 1708 an
977 1655 1283 1708 adiudicari
1321 1657 1513 1724 possit,
1546 1657 1807 1715 variatur.
1878 1657 2171 1721 videamus

409 1761 482 1800 ne
503 1762 617 1799 non
636 1746 841 1816 possit3
871 1745 1002 1815 quia
1021 1742 1176 1795 nulla
1197 1743 1332 1811 legis
1352 1742 1498 1796 actio
1521 1741 1743 1812 prodita
1761 1749 1845 1797 est
1866 1743 1935 1798 de
1956 1746 2167 1800 futuro.

412 1833 455 1903 §.
501 1835 584 1886 50.
664 1834 819 1884 Item.
864 1834 928 1883 In
963 1832 1373 1900 mancipatione
1424 1829 1514 1882 vel
1551 1831 1611 1881 in
1646 1831 1767 1883 iure
1802 1833 2051 1884 cessione
2094 1850 2173 1888 an

360 1921 609 1973 -deduci
648 1920 825 1989 possit
859 1918 947 1972 vel
985 1934 1053 1970 ex
1091 1923 1367 1986 tempore,
1418 1917 1510 1971 vel
1544 1917 1616 1968 ad
1657 1925 1909 1988 tempus,
1966 1921 2074 1990 vel‘
2099 1938 2173 1975 ex

412 2007 766 2070 condicione,
815 2005 904 2057 vel
940 2005 1011 2056 ad
1051 2003 1467 2067 condicionem,
1516 2004 1752 2057 dubium*
1786 2013 1899 2060 est:
1957 2024 2162 2080 quern—

210 2096 361 2160 87.a.
413 2093 705 2147 admodum
757 2093 804 2143 si
836 2092 879 2129 ¹⁹
934 2093 1017 2155 is,
1077 2093 1168 2144 cui
1235 2093 1296 2144 in
1337 2092 1461 2145 iure
1513 2081 1972 2161 ceditur,1dicit
2026 2097 2162 2158 „aio

214 2093 603 2255 88·⁸·}„hunc
651 2178 884 2231 fundum
923 2194 1104 2230 meum
1144 2194 1262 2231 esse
1316 2176 1553 2230 deducto
1603 2181 1890 2232 usufructu
1942 2198 2010 2234 ex
2043 2181 2163 2234 kal.

410 2267 631 2332 „Ian.'',
677 2265 766 2317 vel
804 2265 1082 2328 „deducto
1105 2266 1392 2318 usufructu
1424 2266 1691 2337 usquead
1709 2265 1821 2325 kal,
1864 2267 1972 2318 Ian.
2005 2267 2166 2321 deci-

405 2354 626 2421 „mas'';
667 2351 757 2405 vel
801 2352 930 2414 „aio
951 2350 1103 2405 hunc
1125 2351 1357 2403 fundum
1391 2368 1574 2405 meum
1613 2367 1733 2403 esse
1761 2351 1998 2405 deducto
2026 2370 2166 2409 usu-

403 2439 659 2504 „fructu,
694 2436 744 2489 si
781 2441 938 2490 navis
983 2435 1050 2488 ex
1086 2437 1214 2489 Asia
1250 2440 1541 2494 venerit’'=
1597 2439 1733 2493 item
1772 2442 1834 2493 in
1869 2442 2165 2513 mancipa-

400 2527 558 2576 tione
624 2532 891 2593 „emptus
966 2521 1107 2575 mihi
1155 2532 1252 2577 >est
1290 2526 1507 2595 pretio,
1565 2525 1805 2578 deducto
1864 2528 2164 2583 usufructu

402 2626 513 2676 „ex
551 2608 666 2668 kal.
703 2610 816 2661 illis
854 2625 1029 2682 usque
1068 2607 1147 2661 ad'
1169 2609 1284 2666 kal.
1322 2612 1531 2666 illas'’:
1582 2621 1641 2664 et
1690 2612 1883 2665 eadem
1926 2619 2061 2666 sunt
2100 2618 2166 2669 in

406 2695 748 2758 condicione.
822 2696 1155 2767 Pomponius
1200 2698 1369 2766 igitur
1403 2705 1566 2770 putat
1597 2716 1712 2751 non
1747 2713 1909 2767 posse
1947 2699 2018 2752 ad
2039 2717 2157 2753 cer.

404 2792 523 2835 tum
558 2789 775 2852 tempus
818 2783 1048 2847 deduci,
1084 2800 1191 2835 nec
1229 2802 1330 2855 per
1383 2789 1442 2838 in
1490 2787 1615 2837 iure
1660 2786 1997 2851 cessionem,
2052 2806 2166 2842 nec

400 2886 500 2942 per
536 2872 1018 2940 mancipationem,
1052 2872 1151 2924 sed
1184 2879 1400 2930 tantum
1437 2872 1719 2924 transferri
1759 2873 1939 2941 ipsum
1975 2891 2164 2943 posse.

402 2972 500 3027 ego
540 2957 709 3010 didici
751 2965 808 3010 et
843 2956 1043 3009 deduci
1081 2958 1150 3011 ad
1189 2968 1404 3028 tempus
1438 2965 1632 3027 posse}
1678 2959 1810 3028 quia
1849 2967 1908 3013 et
1945 2966 2163 3016 manci-

400 3044 684 3111 pationem
721 3051 778 3097 et
820 3046 877 3098 in
913 3047 1035 3099 iure
1071 3048 1374 3100 cessionem
1415 3046 1507 3098 lex
1551 3046 1647 3098 ΧΠ
1686 3042 2159 3104 tabularumcon..

399 3130 695 3196 firmant¹⁰.
765 3132 1052 3204 Numquid
1088 3140 1310 3203 ergoet
1349 3149 1418 3186 ex
1452 3140 1699 3200 tempore
1730 3138 1795 3183 et
1821 3133 2162 3189 condicione

401 3274 537 3343 quid
581 3274 937 3331 desideratur.
1087 3281 1173 3352 17)
1245 3279 1308 3332 V.
1339 3278 1557 3343 sactum
1602 3293 1697 3333 est.
1861 3286 1950 3356 ¹8)
1987 3286 2055 3347 V,
2101 3300 2162 3344 ec

397 3344 532 3396 Mai.
566 3349 773 3415 possit,
817 3350 968 3421 quod
1023 3349 1223 3403 falsum
1260 3361 1379 3401 esse
1433 3357 1491 3400 et
1524 3352 1873 3418 grammatica
1911 3359 2059 3410 ratio
2100 3371 2170 3418 et.

395 3413 749 3479 prudentium
796 3419 862 3471 de
919 3419 1206 3475 usufructu
1254 3437 1322 3472 ex
1384 3426 1532 3471 certo
1596 3429 1856 3492 tempore
1907 3426 2156 3496 legando

398 3497 689 3539 consensus
767 3489 940 3544 docet.
1161 3492 1249 3562 19)
1318 3489 1380 3543 V.
1423 3493 1551 3543 nisi.
1765 3497 1859 3564 20)
1935 3497 2026 3548 Ita
2085 3500 2156 3552 V.
