2352 4157
424 391 497 447 80
590 387 891 459 QUANDO
928 387 1275 444 DONATOR
1313 389 1862 447 tumul-:anun
1902 410 2012 448 erc.

426 529 582 581 stitit.
670 544 851 599 neque
907 531 1058 583 enim
1094 530 1264 582 tacita
1300 530 1606 585 liberalitas
1650 532 1900 584 defuncti
1937 535 2174 603 permit-

221 638 297 691 ¹9·
326 622 379 673 b.
427 615 674 668 tentisw'
709 618 950 668 retinere
990 618 1271 686 peculium
1305 617 1519 690 poltuit
1557 619 1826 688 intellegi.

411 702 456 776 §.
499 705 619 757 262.
691 703 847 756 Item.
920 701 1167 774 Sponsae
1205 721 1289 756 res
1325 704 1654 775 simpliciter
1688 707 1923 759 donatae
1942 710 2167 760 nonin-

411 790 619 843 secutis
670 791 886 858 nuptiis
943 807 1056 842 non
1113 798 1457 861 repetuntur.
1539 791 1634 843 sed
1691 792 1795 842 etsi
1855 792 2163 847 adfinitatis

413 875 816 928 contrahendae
855 891 1016 928 cansa
1056 876 1385 928 donationes
1425 876 1603 927 factae
1638 885 1770 929 sunt
1805 882 1864 929 et
1890 862 2156 930 nuntium

411 979 643 1032 sponsus
696 964 860 1033 eulpa
907 978 1002 1014 sua
1058 963 1363 1023 remiserit,
1421 978 1597 1031 aeque
1644 978 1756 1015 non
1807 973 2154 1032 repetuntur.

415 1049 562 1119 quod
604 1051 683 1100 ita
722 1048 971 1117 intellegi
1013 1055 1271 1118 oportet,
1311 1050 1356 1099 si
1397 1045 1735 1101 revocandae
1773 1047 2095 1103 donationis
2111 1051 2160 1087 ⁸⁷

408 1135 662 1188 condicio
714 1151 828 1188 non
887 1135 1165 1187 coniuncti
1224 1134 1564 1188 matrimonii
1617 1134 2153 1203 conpraehendatur,

409 1223 586 1274 nonffl
623 1221 946 1292 perficiendi
990 1229 1315 1274 contractus.

402 1309 458 1377 §.
496 1312 612 1362 263.
685 1309 840 1360 Item.
916 1309 1043 1359 Eam
1067 1346 1082 1371 ,
1136 1325 1276 1378 quae
1314 1308 1461 1360 bona
1494 1324 1593 1360 sua
1635 1308 1764 1359 filiis
1799 1323 1899 1378 per
1934 1311 2154 1377 epistu-

403 1395 511 1444 lam
551 1398 687 1446 citra
725 1396 1138 1464 stipulationem
1178 1394 1444 1457 donavit,
1479 1397 1724 1463 sineque
1742 1397 2150 1464 possessionem

403 1498 581 1534 rerum
618 1482 954 1550 singularum
1004 1481 1275 1546 tradidit,
1321 1496 1506 1552 neque
1543 1495 1643 1551 per
1675 1482 2146 1552 mancipationem

403 1567 754 1637 praediorum
795 1568 1102 1620 dominium
1145 1569 1468 1630 transtulit,
1528 1583 1631 1619 nec
1664 1568 2011 1637 interpositis
2047 1569 2145 1621 de-

403 1652 774 1721 legationibus
813 1662 911 1706 aut
947 1653 1228 1708 inchoatis
1259 1653 1456 1707 litibus
1478 1656 1724 1707 actiones
1751 1654 2007 1719 novavit,
2049 1658 2141 1709 ni-

397 1736 482 1789 hil
525 1744 697 1810 egisse
728 1742 954 1812 placuit.

398 1824 439 1895 §.
486 1829 600 1897 264.
674 1830 827 1881 Item.
897 1829 1168 1892 Matrem,
1224 1844 1365 1899 quae
1413 1828 1532 1879 sine
1570 1827 1768 1881 tutoris
1804 1828 2136 1881 auctoritate

398 1912 516 1964 filio
555 1910 870 1968 donationis
913 1932 1074 1969 causa
1109 1923 1426 1985 praesentes
1464 1931 1648 1967 servos
1700 1914 1981 1984 mancipio
2035 1914 2135 1970 de·

399 1997 513 2062 dit,
551 1999 845 2070 perfecisse
883 2001 1239 2054 donationem
1280 1993 1540 2069 apparuit
1555 2002 1616 2050 ⁸⁹.

394 2083 434 2156 §.
468 2088 586 2141 265.
658 2088 809 2142 Item.
897 2091 1099 2141 Aurum
1141 2097 1199 2140 et
1232 2093 1548 2157 argentum,
1588 2086 1738 2158 quod
1780 2090 1839 2140 in
1879 2104 1935 2141 re
1972 2104 2134 2158 prae-

393 2177 539 2226 senti
577 2175 724 2238 fuit,
762 2185 917 2245 pater
955 2176 1071 2226 filio
1111 2176 1194 2227 sui
1235 2175 1368 2225 iuris
1410 2171 1672 2234 donavit,
1734 2175 1967 2243 eiusque
2003 2191 2133 2246 pos-

389 2262 688 2318 sessionem
729 2262 981 2314 traditam
1019 2277 1136 2314 esse
1178 2260 1540 2310 instrumento
1579 2260 1756 2330 palam
1795 2259 1959 2312 fecit:
2016 2255 2134 2312 non

388 2346 660 2399 idcirco⁹⁰
706 2348 1059 2400 donationem
1098 2339 1318 2397 inritam
1359 2344 1554 2395 factam
1594 2347 1940 2408 existimavi,
1981 2346 2134 2418 quod

342 2477 354 2484 .
400 2451 555 2485 usum
594 2436 836 2485 omnium
878 2449 1056 2485 rerum
1101 2431 1247 2500 apud
1287 2439 1496 2500 patrem
1536 2432 1683 2483 filius
1725 2432 1957 2503 reliquit
1985 2433 2043 2480 ⁹¹.

1341 2543 1525 2552 --Q—fl-

378 2594 649 2662 parentis.
693 2589 811 2644 Sav.
953 2595 1066 2654 86¹²)
1120 2591 1185 2641 V.
1217 2593 1604 2660 promittentis.
1642 2592 1772 2645 Mai.
1914 2591 2006 2659 87)
2049 2593 2131 2643 lta

387 2667 504 2715 δαν.
546 2662 719 2726 Ken.;
764 2663 826 2712 V.
862 2662 989 2712 Mai.
1027 2664 1363 2714 revocantis.
1434 2662 1562 2712 Mai.
1611 2660 1937 2717 donatione.
2036 2664 2131 2731 88)

390 2736 470 2784 lta
511 2734 597 2795 V.;
635 2733 760 2783 Mai.
798 2733 968 2783 habet
1000 2730 1099 2782 sed
1137 2750 1229 2797 pru
1273 2749 1405 2783 non.
1530 2733 1622 2797 89)
1661 2734 1780 2782 Post
1819 2730 1965 2781 hunc
2005 2748 2129 2783 ver-

384 2821 502 2854 sum
549 2806 919 2871 interponitur
957 2802 1239 2853 scholion:
1277 2801 1625 2852 ,pollicitatio
1668 2801 1998 2854 donationis
2040 2804 2137 2853 in-

385 2886 471 2926 ter
518 2874 777 2943 privatos
810 2875 927 2925 vim
964 2871 1329 2940 obligationis
1370 2887 1486 2921 non
1519 2869 1757 2924 inducit.
1927 2873 2022 2942 90)
2068 2872 2131 2927 V.

384 2943 512 2993 Mai.
554 2946 771 2999 iccirco.
842 2943 934 3013 9¹)
971 2942 1035 2995 V.
1070 2944 1248 3011 prima
1290 2955 1451 2991 manu
1478 2941 1740 3011 reliquid.

996 3209 1468 3235 *⁸—
