2352 4157
705 377 794 429 DE
831 378 1341 441 EXCUSATIONE.
1832 394 1903 456 ³7

164 524 262 558 usu
302 509 378 558 ita
414 517 690 578 servatur,
726 523 790 568 ut
823 516 891 568 ad
931 532 1020 568 eas
1049 533 1137 568 res
1161 555 1176 579 ‚
1233 536 1372 589 quae
1410 523 1550 577 ultra
1589 527 1903 581 ducentesi-

162 609 305 644 mum
345 595 591 664 lapidem
630 607 788 664 sunt,
829 604 1100 672 equestris
1138 605 1350 659 ordinis
1366 611 1413 644 ²⁰
1443 611 1547 662 viri
1576 613 1774 666 dentur
1815 624 1903 669 tu-

163 688 302 733 tores
355 682 445 733 vel
497 694 775 737 curatores
814 704 844 736 a
880 695 1152 758 praetore.
1210 698 1269 742 et
1307 693 1412 746 hoc
1447 712 1561 750 non
1597 707 1807 753 tantum
1844 703 1901 759 in

163 781 226 817 eo
265 776 528 821 senatore
566 780 842 836 servatur,
882 777 977 844 qui
1017 775 1239 827 decreto
1272 784 1426 834 tutor
1457 783 1545 833 vel
1564 794 1777 840 curator
1801 789 1900 843 da-

161 858 248 902 tus
286 863 413 918 est,
455 856 554 908 aed
591 867 646 910 et
682 860 740 911 in
778 875 876 922 e0,
914 863 1014 932 qui
1051 868 1400 916 testamento.
1701 872 1704 877 '

160 936 201 1007 §·
247 941 373 1007 148„
435 944 596 1000 Item.
669 948 719 996 ls
736 948 817 1009 ²¹,
872 948 968 1016 qui
1021 949 1080 999 in
1117 957 1282 1015 portu
1321 969 1420 1021 pro
1458 955 1634 1009 salute
1671 959 1906 1030 impera-

162 1024 291 1074 toris
327 1041 548 1080 sacrum
590 1029 725 1084 facit
758 1049 826 1086 ex
872 1033 1271 1089 vaticinatione
1310 1038 1620 1110 archigalli,
1656 1061 1689 1098 a
1711 1049 1903 1102 tutelie

161 1122 454 1167 excusatur
471 1117 533 1165 22.

162 1196 202 1267 §.
247 1199 361 1269 149.
441 1203 601 1252 Item.
675 1200 1031 1272 Philosophia
1073 1222 1298 1278 quoque
1340 1218 1396 1261 et
1430 1212 1659 1266 medicis
1692 1223 1748 1268 et
1783 1217 1906 1271 rhe-

165 1285 379 1336 toribus
424 1293 485 1337 et
521 1288 919 1354 grammaticis,
985 1292 1189 1360 quibus
1228 1310 1327 1364 per
1345 1298 1391 1328 23
1423 1295 1904 1369 11ειηορτοῐεεείο-

159 1387 280 1422 nem
320 1373 649 1425 immunitas
687 1373 806 1426 dari
846 1377 989 1429 solet
1013 1414 1029 1440 ,
1070 1378 1238 1430 etiam
1273 1384 1486 1437 vacatio
1520 1402 1550 1438 a
1586 1389 1780 1439 tutelis
1810 1389 1906 1438 ‹la-

158 1465 248 1507 tur
283 1465 396 1509 tam
441 1459 696 1512 divorum
734 1460 1047 1530 principum
1086 1467 1401 1534 rescriptis,
1450 1486 1618 1538 quam
1672 1476 1906 1542 impera-

158 1543 288 1594 toris
326 1547 529 1599 nostri.
604 1544 832 1616 Quodn
882 1545 953 1598 ad
1003 1549 1245 1602 medicos
1302 1554 1735 1629 uniuscuiusque
1773 1561 1907 1611 civi-

158 1631 285 1682 tatis
343 1635 628 1702 pertinet,
694 1633 837 1684 intra
885 1650 1171 1687 numerum
1228 1640 1476 1711 quinque
1528 1659 1648 1695 esse
1704 1645 1907 1700 debere

158 1731 339 1769 sacrae
372 1718 804 1771 constitutiones
838 1719 1056 1772 docent.
1099 1731 1299 1783 cetera.
1605 1779 1608 1782 Α

160 1801 200 1873 §.
240 1806 356 1857 150.
437 1804 598 1856 Item.
664 1804 860 1874 Neque
902 1816 1243 1875 geometrae,
1300 1828 1481 1881 neque
1528 1814 1623 1878 hi,
1673 1817 1773 1886 qui
1823 1819 1908 1872 ius

154 1889 316 1941 civile
356 1889 594 1953 docent,
632 1907 664 1942 a
708 1890 900 1944 tutelis
939 1904 1287 1948 excusantur.
1703 1918 1706 1919 ⁷

157 1975 196 2045 §.
243 1978 363 2034 151.
445 1975 603 2030 Item.
677 1977 791 2046 Qui
811 1981 858 2012 2⁵
909 1981 1112 2031 muniti
1176 1991 1306 2034 sunt
1359 1985 1546 2055 aliquo
1600 1987 1905 2058 privilegio,

157 2061 471 2134 aliquando
513 2061 666 2137 [non]
688 2063 733 2100 ²⁶
785 2064 1154 2119 admittuntur
1194 2069 1270 2120 ad
1312 2075 1719 2127 excusationem
1743 2114 1758 2139 ,
1796 2077 1911 2131 vel-—

161 2151 241 2200 uti
295 2151 345 2201 ci
390 2150 580 2203 minor
614 2151 689 2203 ait
732 2168 999 2205 annorum
1046 2154 1228 2219 XXV,
1299 2158 1343 2207 si
1402 2160 1572 2211 adfini
1629 2163 1788 2214 datus
1839 2165 1913 2215 sit

161 2244 311 2288 tutor
328 2239 419 2298 ²⁷,
457 2244 532 2287 ·et
565 2236 814 2307 aliquem
855 2255 1015 2290 usum
1051 2256 1231 2292 rerum
1269 2241 1474 2297 habeat
1514 2247 1591 2307 ²⁸,
1616 2248 1773 2315 quod
1827 2251 1911 2301 ius

161 2325 316 2374 venit
355 2340 430 2374 cx
467 2324 708 2391 epistula
746 2323 858 2379 divi
898 2324 1253 2379 Hadriani.²⁹

164 2407 203 2477 §-
262 2410 384 2462 252.
469 2411 623 2462 Item.
695 2413 779 2463 De
817 2411 1034 2465 libertis
1058 2414 1105 2449 ³⁰
1150 2431 1409 2486 quoque,
1457 2419 1710 2487 ¹Quamvis
1746 2422 1952 2474 multa·

164 2495 462 2561 privilegia
503 2498 913 2549 excusationum
956 2500 1354 2567 praetendant,
1388 2509 1578 2556 tamen
1634 2523 1663 2556 a
1700 2511 1920 2575 patroni

166 2580 247 2628 sui
287 2581 598 2633 liberorum
635 2584 809 2635 tutela
839 2602 952 2637 non
990 2597 1337 2640 excusantur.

167 2664 207 2734 §.
255 2669 373 2721 153.
451 2668 609 2723 Item.
683 2669 815 2739 Qui·
840 2671 983 2740 patri
1022 2675 1226 2742 pupilli
1266 2675 1676 2744 promiserunt,
1711 2694 1773 2733 ae
1808 2697 1927 2734 sus-

168 2909 258 2972 90)
296 2908 368 2959 V.
388 2912 673 2980 aequestri
713 2911 924 2970 ordini.
965 2911 1203 2964 Videtur
1222 2919 1405 2963 tamen
1428 2912 1657 2967 additas
1680 2917 1752 2982 τῷ
1771 2914 1929 2970 ordi·

166 2978 402 3029 ni.Mai.
483 2982 573 3051 91)
609 2982 672 3032 V.
713 2983 799 3033 iis.
871 2983 962 3053 99)
998 2984 1065 3035 V.
1091 2996 1447 3036 excusantur.
1500 2984 1589 3053 23)
1641 2985 1766 3035 Mai.
1802 3002 1926 3037 ma·-

162 3049 291 3097 vult
327 3060 575 3118 propter.
678 3052 770 3123 94)
822 3052 885 3103 V.
906 3053 1125 3105 videtur
1159 3050 1365 3102 habere
1407 3072 1587 3121 quam.
1625 3055 1757 3111 Mai.
1833 3055 1923 3122 25)

168 3115 516 3171 Eadcmiere
536 3120 699 3172 verba
719 3130 1016 3173 occurrunt
1049 3120 1233 3191 infra§
1274 3125 1389 3173 933.
1426 3124 1539 3185 Hi,
1580 3125 1680 3194 qui
1714 3128 1915 3179 'nunizi

168 3186 271 3236 rel·
315 3189 982 3262 262Negationem,quam
999 3207 1191 3243 sensus
1215 3195 1478 3259 postulat,
1518 3194 1914 3263 librariicuipa

169 3256 431 3307 omissam
456 3275 573 3310 esse
591 3264 754 3311 etiam
775 3261 816 3332 ἕ.
841 3265 959 3314 993.
982 3263 1160 3314 docet.
1237 3263 1326 3329 27)
1364 3262 1424 3311 ln
1465 3261 1510 3330 §.
1544 3267 1660 3317 223·
1699 3266 1777 3315 ita
1796 3273 1913 3318 est:

170 3329 346 3377 annis
385 3327 526 3378 XXV
575 3328 758 3402 adfini
797 3330 964 3385 datus
1002 3346 1168 3385 tutor·
1258 3397 1269 3408 ,
1314 3333 1404 3396 98)
1442 3332 1498 3380 in
1541 3331 1579 3401 §.
1618 3337 1734 3386 993.
1771 3334 1916 3386 adii-

167 3398 321 3447 citur
377 3396 860 3452 hereditmiarum.
1078 3399 1166 3468 99)
1245 3403 1287 3469 §-
1326 3405 1444 3454 993.
1483 3405 1694 3473 pergit:
1787 3423 1913 3455 uam

167 3466 404 3538 scripsit
443 3469 678 3522 Claudio
713 3471 1020 3525 Saturnino
1051 3470 1147 3525 rei·
1331 3527 1335 3533 ,
1376 3472 1466 3542 3ο)
1510 3474 1591 3524 lta
1627 3472 1720 3539 V.;
1798 3473 1912 3526 ark-
