2352 4157
794 373 889 429 DE
922 371 1439 437 EXCUSATIONE.
1871 380 1947 444 63

207 511 416 578 9391.
494 509 652 561 ltcm.
724 506 782 562 Si
834 508 979 561 alius
1030 527 1157 564 eum
1216 513 1474 566 Latinum
1521 515 1750 583 fecerit,
1803 521 1946 574 alius

209 596 533 661 iteraverit,
586 611 660 646 an
704 597 998 668 utriusque
1055 598 1357 654 liberorum
1395 602 1628 657 tutelam
1693 611 1960 676 suscipiat

209 680 514 736 videndum
542 720 558 746 ,
600 684 757 752 quasi
804 684 1093 756 utriusque
1128 687 1385 739 meritum
1420 687 1640 742 habeat.
1709 692 1828 745 Nisi
1845 694 1958 747 for-

209 778 263 823 te
276 811 299 836 ,
335 770 592 839 exemplo
612 787 920 833 munerum,
946 778 1010 823 ut
1042 773 1093 823 d.
1118 776 1186 810 ²⁵¹¹
1220 774 1435 828 Marcus
1465 777 1748 847 rescripsit
1768 817 1783 842 ,
1809 781 1957 849 apud

207 857 479 927 originem
502 856 574 892 ¹⁶⁸
608 857 760 920 eius,
794 859 891 928 qui
927 858 1198 911 Latinum
1225 861 1389 926 fecit,
1436 861 1639 917 debere
1676 880 1802 917 eum
1824 868 1954 919 fun·

207 944 291 1010 gi,
349 941 528 998 solius
555 943 621 981 ¹⁶⁹
671 944 791 997 eius
842 944 1144 1004 liberorum
1193 949 1428 1002 ,tutelam
1482 954 1957 1022 suscepturum¹⁶0

206 1032 468 1084 dicemus.

209 1119 255 1184 ς.
296 1133 420 1172 aaa.
495 1117 654 1171 Item.
729 1116 987 1172 Officium
1029 1120 1119 1157 ²⁶⁰*
1173 1137 1399 1194 quoque
1435 1122 1677 1177 militare
1712 1135 1948 1179 excusat.

203 1218 328 1259 nam
366 1219 493 1256 cum
534 1220 730 1258 munus
769 1208 1058 1258 emeritum
1106 1208 1363 1277 prodest,
1406 1211 1582 1265 multo
1622 1214 1791 1280 magis
1829 1229 1950 1266 cum

201 1292 594 1361 frequentatur
651 1291 913 1360 prodesse
959 1293 1141 1346 debet.
1218 1295 1316 1348 sed
1379 1296 1426 1348 si
1471 1298 1541 1349 ad
1598 1304 1816 1369 tempus
1867 1303 1948 1351 rei

202 1378 462 1449 publicae
501 1393 663 1430 causa
697 1378 880 1444 absit,
917 1397 1029 1432 non
1070 1383 1129 1434 in
1168 1389 1536 1450 perpetuum,
1577 1385 1674 1437 sed
1714 1387 1785 1437 ad
1807 1393 1946 1438 tem·

201 1481 300 1535 pus
344 1465 712 1519 excusabitur.
789 1467 1043 1537 Denique
1091 1483 1213 1520 cum
1252 1486 1319 1521 ex
1353 1469 1496 1523 facto
1533 1470 1636 1524 sub
1675 1472 1804 1523 divo
1837 1473 1948 1523 Ha·

202 1553 398 1606 ‹li-iano
437 1552 663 1624 quidam
704 1569 825 1605 cum
870 1554 1080 1624 legatus
1136 1563 1282 1608 esset
1331 1557 1598 1626 legionis,
1650 1565 1947 1612 testamen-

198 1651 315 1695 tum
356 1643 649 1694 recitatum
689 1648 865 1701 esset,
911 1658 1022 1712 quo
1060 1647 1216 1696 tutor
1235 1652 1354 1697 erat
1383 1644 1573 1709 datus,
1609 1663 1719 1698 non
1743 1646 1798 1698 iu
1821 1664 1937 1716 pcr-

136 1739 144 1746 ‘
197 1736 469 1798 petuam,
527 1728 625 1780 aed
674 1728 745 1780 ad
800 1736 1046 1798 tempus,
1114 1747 1225 1799 quo
1280 1729 1492 1798 legatus
1538 1732 1771 1799 legionis
1807 1743 1942 1796 erat,

195 1815 404 1870 meruit
437 1813 862 1868 excusationem.
940 1814 1117 1867 Etiam
1152 1818 1236 1880 is,
1274 1817 1372 1886 qui
1405 1818 1823 1871 commentarios
1843 1820 1942 1871 ha·

197 1905 294 1956 bet
324 1902 601 1974 praefecti
624 1939 641 1965 ,
691 1901 951 1973 quamdiu
987 1901 1081 1954 hic
1116 1906 1536 1957 commentarios
1573 1904 1743 1959 habet
1777 1921 1938 1975 prae·

192 1992 323 2046 fecti
347 2030 363 2055 ‚
410 1996 475 2042 ut
510 1989 648 2041 (ΗΜ
683 1991 898 2044 Marcus
936 2004 1057 2041 cum
1096 1991 1213 2042 filio
1253 1991 1550 2045 rescribsit.

190 2082 233 2153 3.
275 2082 401 2135 223.
475 2077 630 2131 Item.
702 2078 811 2139 Hi,
873 2078 968 2149 qui
996 2077 1063 2115 ¹⁶²
1114 2081 1318 2133 muniti
1353 2090 1484 2134 sunt
1535 2081 1725 2152 aliquo
1762 2084 1933 2152 privi-

189 2169 378 2238 legio,
432 2163 738 2237 aliquando
794 2182 910 2218 non
959 2165 1328 2219 admittuntur
1382 2167 1453 2217 ad
1510 2168 1938 2231 excusationem,

190 2258 350 2310 velut
385 2254 433 2307 si
473 2254 655 2305 minor
683 2253 758 2305 sit
794 2254 952 2306 annis
999 2253 1143 2307 XXV
1178 2253 1347 2306 adfini
1384 2253 1544 2307 datus
1583 2261 1734 2306 tutor
1758 2254 1842 2317 ¹⁶⁸,
1883 2265 1942 2305 et

188 2346 439 2415 aliquem
479 2356 636 2394 usum
674 2357 856 2393 rerum
889 2341 1096 2394 habeat
1130 2339 1593 2395 hereditat-iarum
1616 2340 1697 2395 ¹⁶⁴.
1773 2338 1942 2409 Quod

189 2435 279 2485 ius
321 2430 482 2482 venit
516 2445 585 2482 ex
620 2428 860 2498 epistula
899 2427 1012 2479 divi
1067 2429 1333 2482 Hadriani
1374 2430 1477 2492 ¹⁶⁵,
1514 2444 1677 2499 quam
1718 2426 1940 2479 scribsit

187 2517 434 2575 Claudio
469 2517 786 2581 Saturnine,
822 2516 1002 2586 legato
1028 2517 1306 2588 Belgicae3
1344 2533 1487 2589 quae
1513 2515 1835 2569 constitutio
1854 2517 1938 2568 vi-

184 2878 353 2936 quam
392 2861 598 2916 Buchh.
637 2862 690 2913 h.
730 2863 768 2921 1,
806 2865 906 2915 ins.
1007 2865 1127 2936 157)
1166 2865 1249 2915 Ita
1287 2864 1382 2932 V.;
1420 2863 1549 2916 Mai.
1589 2863 1734 2919 deus.
1816 2864 1939 2924 158)

181 2938 270 2988 lta
320 2932 560 2985 Rudorff.
601 2943 657 2986 et
694 2933 896 2986 Buchh.
939 2935 1010 2991 cf.
1070 2938 1126 2987 L.
1157 2954 1233 3006 ¹7·
1258 2935 1300 3007 3
1362 2972 1375 2985 .
1413 2936 1478 2987 D.
1514 2934 1581 2988 ad
1620 2933 1938 3001 municipal.

180 3005 321 3061 Mai.
366 3004 641 3073 Ort'gnem.
680 3004 745 3061 V.
784 3005 1050 3075 orignem.
1242 3010 1339 3075 ¹59
1409 3006 1473 3058 V.
1532 3007 1703 3060 solus.
1742 3002 1837 3057 sed
1880 3003 1942 3052 in

180 3084 378 3128 annot.
416 3073 547 3126 Mai.
591 3076 784 3132 solius.
957 3076 1202 3147 160)·1ta
1239 3078 1391 3146 Mai.;
1431 3077 1499 3136 V.
1544 3089 1936 3148 suscepturam.

186 3145 344 3215 ⁸60*)
419 3145 619 3197 Eadem
659 3146 773 3197 fere
824 3147 992 3197 verba
1049 3163 1214 3215 supra
1265 3147 1489 3221 3145.
1550 3148 1937 3200 inveniuntur.

183 3215 315 3282 161)
355 3215 416 3265 V.
458 3215 684 3283 siglam,
721 3215 849 3265 Mai.
889 3214 1024 3270 deus
1063 3217 1247 3270 habet.
1365 3220 1488 3285 162)
1525 3218 1781 3270 Eamdem
1806 3230 1937 3267 sen-

172 3287 421 3338 tentiam
460 3286 696 3356 scriptor
733 3287 945 3354 recepit
997 3304 1159 3357 supra
1227 3287 1268 3360 §.
1315 3289 1426 3341 151.
1493 3303 1636 3358 quae
1695 3288 1926 3353 incipit:

179 3358 297 3423 Qui
334 3357 554 3410 muniti.
777 3358 897 3425 163)
932 3358 996 3409 ln
1032 3358 1237 3429 3151.
1278 3364 1397 3410 est:
1453 3374 1729 3410 annorum
1767 3354 1937 3412 XXV

172 3429 228 3481 si
265 3425 353 3480 ad
394 3429 459 3479 ηἰ
496 3424 660 3481 datus
696 3427 772 3481 sit
805 3439 971 3479 tutor.
1053 3429 1172 3500 164)
1206 3430 1257 3497 §.
1294 3429 1405 3481 151.
1446 3426 1929 3482 Ιιενεᾰίτανίανιιω

171 3513 295 3553 non
377 3495 523 3551 abet.
622 3523 625 3526 >
684 3496 812 3564 165)
841 3495 1144 3568 Sequentia
1183 3498 1371 3553 omisit
1405 3497 1735 3570 compilator
1775 3514 1842 3551 ex
1886 3491 1924 3561 §-
