2352 4157
424 389 547 441 xlv
1099 385 1486 439 PRAEFATIO.
1555 377 1574 385 ”

423 537 484 587 et
523 525 627 607 87.
712 523 907 584 Locos
947 519 1214 606 denique
1237 570 1260 604 ,
1304 524 1414 607 qui
1456 525 1519 584 in
1568 523 1701 585 aliis
1734 543 1976 606 quoque
2013 526 2162 584 iuris

422 658 834 718 monumentis
899 654 1366 736 invenirentur,
1436 677 1564 718 non
1618 655 1817 717 solum
1872 654 2162 730 indicavi,

426 788 539 852 sed
601 788 785 850 etiam
831 787 1024 852 verba
1070 809 1285 851 eorum
1302 834 1325 870 ,
1384 811 1543 874 quae
1595 809 1631 850 a
1686 786 1911 851 codicis
1976 790 2169 861 nostri

428 924 732 1006 scriptura
776 921 1199 1004 discederent,
1250 924 1527 1006 apposui.

599 1057 885 1120 Ceterum
923 1058 1076 1142 quid
1105 1058 1588 1141 praestiterimus
1620 1053 1957 1117 benevolus
1980 1053 2174 1121 lector

431 1195 560 1274 ipse
599 1190 919 1255 diiudicet.
985 1189 1248 1254 Silentio
1272 1201 1477 1251 autem
1500 1188 2010 1272 praetereundum
2049 1210 2179 1253 non

434 1334 524 1386 est
562 1345 701 1402 me,
749 1335 823 1385 ut
860 1325 926 1385 in
962 1334 1096 1386 arte
1122 1323 1336 1385 critica
1371 1323 1574 1383 minus
1622 1325 2010 1384 exercitatum
2036 1366 2055 1400 ,
2100 1323 2182 1384 ad

432 1477 587 1541 opus
638 1456 1095 1540 suscipiendum
1155 1477 1284 1517 non
1340 1475 1498 1515 vana
1566 1452 1786 1514 fiducia
1839 1456 1998 1534 mei,
2077 1455 2185 1517 sed

437 1592 619 1651 amici
661 1613 835 1663 vere
865 1589 1117 1651 candidi
1150 1588 1418 1671 Puggaei
1470 1585 1923 1662 adhortatione,
1998 1599 2188 1671 atque

436 1688 767 1806 piaccipue
801 1745 876 1784 eo
897 1733 1128 1783 motum
1163 1742 1335 1794 esse,
1373 1718 1550 1800 quod
1567 1717 1799 1801 collega
1836 1720 1990 1780 mibi
2031 1743 2188 1782 con-

439 1856 856 1918 iunctissimus
888 1856 1253 1936 Bockingius
1297 1873 1516 1933 operae
1549 1852 1783 1912 socium
1817 1875 1882 1915 se
1904 1854 2190 1916 futurum

440 1989 880 2073 spopondisset.
969 1999 1028 2048 et
1076 1987 1176 2048 hic
1205 1987 1450 2068 quidem
1500 2005 1618 2067 pro
1650 2006 1761 2047 suo
1803 2006 1948 2069 erga
1993 2008 2103 2049 me
2127 2010 2196 2049 a·

442 2144 613 2184 more
660 2133 721 2183 et
751 2121 1094 2183 litterarum
1141 2120 1697 2202 promovendarum
1744 2120 1946 2181 studio
1983 2120 2193 2205 religi·

444 2258 749 2338 osissime‚
804 2267 875 2316 ut
915 2254 1108 2334 solet,
1153 2238 1576 2315 vadimonium
1619 2253 1905 2314 obeundo
1945 2265 2005 2314 et
2060 2276 2192 2316 me-

364 2387 367 2392 ⁴
445 2411 546 2450 am
614 2392 801 2471 ipsius
871 2396 934 2447 et
998 2384 1295 2446 lectorum
1351 2387 1610 2467 gratiam
1675 2386 1992 2446 demeruit.
2087 2388 2193 2449 In-

443 2522 605 2584 dices
646 2523 832 2583 etiam
879 2518 957 2579 ab
1026 2518 1160 2599 ipso
1220 2518 1529 2579 confectos
1570 2520 1953 2582 utilissimam
1991 2520 2192 2586 «libelli

443 2653 849 2718 accessionem
911 2673 1039 2713 esse
1088 2649 1269 2712 facile
1310 2673 1555 2713 mecum
1594 2651 1849 2715 lectores
1893 2617 2183 2719 sentient.

441 2788 736 2851 Eiusdem
774 2798 986 2847 autem
1047 2785 1167 2846 viri
1227 2784 1304 2850 cl.
1353 2784 1802 2847 observationes
1868 2798 1929 2847 et
1969 2810 2186 2854 emen..

382 2963 387 2968 -
439 2921 714 2984 dationes
761 2919 1012 2981 adiectis
1048 2917 1271 2984 ,litteris
1313 2918 1429 2999 Bg.
1471 2930 1543 2979 ut
1580 2918 1915 3001 plurimum
1960 2921 2183 2985 distin-

435 3076 655 3120 ximuS.

555 3188 748 3255 Scrib.
773 3188 1042 3265 Bonnae,
1067 3208 1256 3250 mens.
1279 3188 1471 3252 Mart.
1499 3207 1554 3246 a.
1576 3185 2118 3253 MDCCCXXXH
2128 3196 2174 3255 1.
