2352 4157
355 372 373 420 1
389 374 427 420 V'
1012 368 1396 423 PRAEFATIO.

353 509 632 590 draginta
701 518 825 569 tres
889 505 1110 586 semel,
1186 508 1630 591 quinquaginta
1711 517 1940 590 septem
2005 504 2107 569 bis
2140 562 2160 570 ..

353 645 617 722 scriptae
662 651 822 705 sunt.
932 641 1330 723 Antiquioris
1378 643 1722 725 scripturae
1778 639 1922 704 folia
1984 640 2110 702 duo

352 786 413 832 et
455 773 672 856 viginti
710 773 792 836 ad
853 773 1363 837 Theodosianum
1409 770 1709 851 Codicen']
1751 744 2124 857 pertinent}

354 928 547 967 uuum
596 908 742 991 legis
779 909 1091 970 Romanae
1133 907 1651 992 Burgundionum
1691 907 2112 991 fragmentum

355 1044 664 1117 continct3
718 1038 956 1123 reliqua
995 1028 1198 1124 oberis
1251 1040 1500 1102 iuridici
1543 1050 1720 1100 antea
1765 1043 1957 1124 ignoti
2013 1040 2114 1100 re-

353 1164 569 1254 liquias
615 1172 942 1251 exhibent,
1004 1195 1160 1258 quae
1215 1175 1337 1239 iam
1393 1175 1734 1239 accuratius
1802 1173 2112 1241 describa—

361 1312 517 1373 mus,
1569 1276 1584 1291 ἱ

525 1439 833 1521 Scriptum
883 1449 1016 1502 erat
1056 1461 1210 1523 opus
1258 1439 1416 1502 illud
1462 1441 1525 1500 in
1567 1440 1777 1502 codice
1804 1438 2114 1524 quadrato

364 1571 714 1651 grandioris
759 1571 972 1648 modi,
1022 1594 1093 1634 ex
1131 1594 1255 1656 quo
1297 1572 1443 1633 folia
1481 1572 1699 1654 viginti
1741 1586 1878 1634 octo
1902 1573 2113 1634 usibus

362 1706 484 1763 suis
525 1704 1014 1767 accommodavit
1055 1704 1380 1767 Cassianae
1438 1703 1779 1766 collationis
1824 1708 2109 1786 scriptor.

364 1839 679 1918 antiquam
749 1837 913 1897 enim
956 1838 1323 1920 scripturam
1364 1836 1669 1898 abluendo
1716 1836 1984 1909 deievst,
2056 1851 2116 1897 et

369 1969 496 2048 ipsa
543 1966 688 2028 folia
734 1967 820 2029 ita
858 1969 1090 2050 scidit,
1134 1980 1208 2030 ut
1250 1990 1319 2030 ex
1362 1968 1615 2053 singulis
1659 1970 1911 2051 geminis
1953 1970 2116 2032 foliis

366 2101 838 2163 cohaerentibus
881 2114 1059 2163 terna
1086 2113 1195 2164 aut
1236 2103 1384 2163 hina
1430 2102 1825 2182 cohaerentia
1868 2101 2011 2164 folia
2053 2116 2115 2165 et

363 2256 560 2296 unum
585 2232 866 2311 efficeret,
887 2237 1098 2298 omnia
1118 2235 1355 2297 formae
1378 2232 1808 2315 oblongioris¹‚
1848 2255 2114 2315 quorum

365 2379 606 2448 partem
652 2366 731 2428 ad
773 2364 1000 2428 librum
1049 2387 1228 2427 suum
1271 2364 1787 2426 conscribendum
1812 2365 2116 2430 adhibuit.

366 2501 460 2559 Ita
486 2500 713 2558 factum
738 2507 851 2575 est,
897 2508 967 2557 ut
992 2500 1056 2557 in
1101 2498 1403 2558 Vaticano
1435 2496 1646 2558 codice
1668 2496 1901 2578 prioris
1939 2497 2114 2559 codi-

366 2637 452 2694 cis
495 2630 641 2693 folia
687 2628 1105 2714 duodeviginti
1151 2632 1390 2715 integra
1437 2634 1570 2692 sive
1611 2631 1817 2692 frustis
1862 2630 2022 2696 inter
2048 2653 2113 2691 se

991 2915 2097 2946 *Ἥ

447 2972 494 3038 ι)
553 2971 654 3021 Res
698 2969 944 3019 illustra·
1010 2946 1161 2997 35⁶³·
1570 2946 1710 2999 884).
1938 2947 2079 3013 ὅγὺ.

372 3056 523 3108 bitur
585 3056 686 3106 hac
748 3055 940 3124 figura,
1361 3045 1371 3076 ³

367 3157 510 3215 quae
567 3141 767 3193 folium
825 3139 940 3208 pri-

368 3245 517 3281 mum
573 3235 630 3282 et
678 3226 933 3278 ultimum

367 3316 749 3389 quaternionis
825 3303 937 3367 XV.

368 3409 759 3473 repraesentat.
