2352 4157
864 414 1246 472 PRAEFATlo.
1867 431 1936 483 IX

191 554 390 607 tamen
459 558 553 609 est
596 550 905 612 Blumium
940 568 1195 636 propter
1253 559 1504 620 nimiam
1541 562 1789 624 editoris
1851 569 1934 626 ste-

187 680 575 742 stinationem
640 683 699 742 in
785 683 1012 747 librum
1069 691 1207 771 plus
1275 697 1562 772 temporis
1630 698 1935 758 insumere

186 814 600 892 nequivisse⁴;
628 817 901 900 alioquin
931 821 1030 880 hic
1055 824 1148 884 vir
1167 826 1540 886 retractandi
1564 827 1787 889 codicis
1822 851 1930 891 ne-

188 949 518 1008 cessitatem
567 964 729 1013 certe
772 953 1003 1015 nullam
1051 956 1409 1038 reliquisset.
1493 960 1735 1021 Prodiit
1777 984 1927 1045 opus

184 1100 321 1137 cum
382 1080 514 1140 aliis
585 1087 962 1165 antiquitatis
1033 1094 1495 1151 monumentis⁵
1536 1093 1648 1153 sub
1705 1093 1923 1155 titulo:

177 1211 345 1271 Iuris
387 1214 592 1274 civilis
639 1218 1136 1281 anteiustim'anei
1174 1223 1475 1306 reliquiae
1515 1226 1780 1286 ineditae
1843 1249 1926 1287 esc

174 1344 376 1404 codice
423 1351 709 1430 rescrzpto
747 1349 1137 1413 bibliothecae
1169 1354 1526 1437 pontfficiae
1562 1354 1634 1416 V
1626 1357 1924 1417 aticanae

175 1491 423 1538 curante
497 1480 736 1560 Angelo
804 1483 988 1544 Maio
1014 1527 1033 1561 ,
1097 1484 1240 1578 bibl.
1311 1487 1501 1546 eiusd.
1575 1493 1917 1568 praesecto,

171 1614 401 1674 Romae
426 1659 444 1692 ,
497 1609 763 1689 1823.⁶‚
815 1616 876 1674 in
921 1637 1043 1697 qua
1076 1616 1341 1679 editione
1383 1618 1447 1679 id
1477 1620 1922 1700 quammaxime

168 1768 230 1807 se
292 1747 482 1827 egisse
550 1737 857 1823 declarat,
916 1761 985 1809 ut
1049 1738 1371 1832 imaginem
1417 1750 1604 1812 veluti
1655 1755 1918 1813 restituti

165 1876 399 1937 codicis
446 1878 774 1944 exhiberet.
863 1879 1129 1941 Multum
1173 1903 1322 1943 vero
1365 1884 1569 1957 abest,
1618 1882 1766 1963 quin
1801 1862 1922 1943 hac¹

158 2014 218 2070 in
281 2033 351 2071 re
420 2031 553 2071 eam
627 2014 1002 2094 praestiterit
1046 2015 1469 2099 diligentiam,
1519 2036 1702 2097 quam
1753 2017 1913 2076 Goe-

767 2208 1306 2218 .-----.-—--

236 2325 293 2394 4)
342 2321 426 2374 Cf.
462 2321 661 2373 Blumii
697 2324 804 2377 iter
841 2322 1108 2377 Italicum
1133 2364 1154 2388 ,
1197 2324 1298 2378 111.
1341 2339 1388 2392 p·
1427 2326 1512 2393 96.
1549 2330 1664 2376 not.
1718 2326 1828 2378 163.

231 2427 289 2494 5)
329 2425 488 2476 Libri
527 2425 722 2478 titulus
763 2431 872 2481 est:
900 2426 1056 2479 Iuris
1096 2429 1280 2480 civilis
1306 2440 1360 2481 ec
1386 2427 1694 2491 Symmachi
1728 2429 1911 2479 orati-

159 2530 330 2566 onum
363 2524 570 2582 partes.
651 2513 706 2564 C.
750 2512 888 2564 Iulii
927 2514 1168 2567 Victoris
1206 2533 1299 2568 ars
1339 2513 1634 2567 rhetorica.
1674 2515 1731 2565 L.
1770 2516 1905 2568 Cae-

162 2601 291 2653 citit
344 2598 663 2651 Μίηιιείαηί
724 2598 948 2668 Apuleii
977 2599 1314 2672 fragmenta
1371 2599 1436 2652 de
1491 2599 1904 2668 orthographia.

159 2701 283 2737 cum
327 2683 557 2755 append.
602 2698 655 2738 et
690 2684 797 2735 tab.
844 2687 1049 2737 aeneis.

229 2789 289 2857 6)
328 2788 390 2839 In
409 2786 814 2838 Commentario
855 2788 1078 2855 praevio
1116 2795 1272 2855 parte
1317 2787 1909 2858 1.(p.v1111.-xx11.)

158 2875 228 2926 de
273 2875 409 2925 iuris
448 2874 628 2926 civilis
666 2872 980 2942 fragmentis
1006 2873 1240 2925 disserit.
1314 2872 1530 2926 Tabula
1566 2876 1678 2926 aeri
1718 2875 1908 2938 incisa,

154 2977 322 3030 quam
363 2962 543 3030 repeti
584 2963 923 3023 curavimus,
968 2960 1204 3029 duplicis
1243 2964 1540 3029 scr1pturae
1561 2962 1906 3029 Palimpsesti

150 3059 207 3101 et
269 3049 691 3117 praecipuarum
749 3047 1007 3116 siglarum
1064 3048 1344 3115 specimen
1398 3047 1641 3099 exbibet.
1757 3049 1904 3099 Con-

144 3143 373 3187 textum
417 3134 704 3202 excipiunt
742 3135 825 3201 (p.
847 3134 960 3200 93.)
1015 3134 1199 3184 variae
1239 3133 1509 3186 lectiones
1548 3134 1678 3185 Cod.
1721 3132 1905 3185 Theo-

94 3231 113 3258 *
149 3221 370 3273 dosiani
394 3259 409 3285 ,
463 3223 539 3289 (p.
589 3222 733 3287 104.)
784 3219 1145 3288 fragmentum
1183 3221 1317 3287 legis
1356 3222 1624 3274 Romanae
1661 3222 1903 3288 Burgun-

148 3308 416 3371 dionum,
473 3314 530 3359 et
582 3305 660 3377 (p.
706 3308 847 3377 108.)
901 3305 1192 3359 summaria
1231 3306 1500 3376 quaedam
1546 3306 1678 3357 Cod.
1719 3306 1902 3359 Theo·

149 3393 366 3447 dosiani
426 3411 454 3446 e
510 3402 793 3462 pervetere
857 3392 1061 3445 codiee.
1152 3391 1473 3463 Sequuntur
1521 3391 1762 3454 indices,
1817 3404 1898 3460 (p-

151 3483 292 3552 ιη.)
348 3478 725 3532 additamenta
767 3487 819 3532 et
856 3478 1290 3534 emendationes.
