2352 4157
383 353 456 417 Μ
907 353 1001 408 DE
1038 350 1560 411 EXCUSATIORE.

384 494 546 549 detur
582 490 653 545 de
685 491 774 544 his
814 493 1007 565 loqui,
1043 493 1142 565 qui
1182 509 1215 545 a
1247 499 1505 561 praetore
1543 489 1658 550 dati
1699 496 1847 542 runt.
1919 502 2022 561 ego
2046 489 2139 541 ¹⁶⁶:

382 579 533 632 idem
572 597 693 634 ease
749 579 1164 652 accipiendum,
1224 582 1274 632 ai
1323 585 1651 633 testamento
1704 577 1865 630 datus
1902 578 1993 628 sit.
2075 579 2137 629 in

380 668 612 722 eandem
652 674 981 722 sententiam
1021 676 1079 722 et
1113 666 1274 723 divus
1300 667 1366 705 ’¹⁶⁷
1425 668 1550 720 Pius
1603 666 1876 719 Plaetorio
1910 666 1980 701 ¹⁶³
2014 666 2136 729 Nee·

378 757 501 824 poti
540 756 775 809 scribsit.

380 840 423 912 §.
462 843 579 911 224.
656 843 987 911 Papinianus
1037 841 1137 901 lib.
1191 840 1280 893 XI.
1355 839 1761 910 Quaestionum
1818 840 2140 909 respondit,

377 928 561 979 verbis
616 930 882 982 orationis
912 930 1185 991 ¹Fratrum
1222 930 1618 998 imperatorum
1653 928 1916 979 libertum
1941 965 1959 991 ,
2024 930 2132 980 etsi

381 1014 456 1066 ob
498 1014 729 1086 aliquod
787 1017 1138 1086 privilegium
1176 1032 1208 1065 a
1249 1016 1437 1069 tutelis
1477 1026 1666 1077 vacet,
1702 1015 2136 1082 patronitameu

375 1108 762 1172 patronaeque
794 1104 1098 1155 liberorum
1120 1105 1188 1140 ¹⁶⁹
1230 1110 1385 1155 tutor
1423 1111 1487 1156 nt
1521 1102 1806 1171 delegatur
1844 1105 1942 1165 m,
1997 1118 2136 1154 con-

375 1189 763 1259 praehensum.
836 1192 899 1240 ln
950 1207 1178 1242 numero
1232 1189 1535 1241 liberorum
1587 1204 1865 1257 pronepos
1899 1190 2131 1259 patroni

376 1276 498 1327 aine
534 1275 705 1329 dubio
744 1277 1079 1330 continetur.
1166 1276 1264 1328 sed
1309 1284 1495 1344 potest
1540 1275 1652 1326 dici
1700 1292 1815 1328 non
1857 1275 1987 1327 aliis
2029 1293 2132 1344 pir-

374 1366 524 1417 troni
562 1362 756 1415 liberis
793 1364 1055 1415 libertum
1089 1361 1197 1414 hoc
1232 1361 1436 1433 debere
1460 1398 1476 1425 ,
1525 1377 1688 1432 quam
1729 1365 1827 1433 qui
1863 1364 1987 1414 iure
2029 1380 2131 1432 pa-

374 1453 524 1506 troni
583 1449 692 1503 hoc
772 1465 999 1519 sperare
1073 1456 1350 1518 possunt;
1433 1457 1491 1502 et
1561 1448 1690 1500 ideo
1771 1466 1959 1518 neque
2020 1467 2131 1519 pa-

373 1545 568 1593 tronae
603 1540 824 1607 nepotis
864 1538 1096 1589 tutelam
1136 1536 1517 1588 administrare
1557 1533 1982 1604 conpellendum
2003 1539 2134 1608 pri—-

372 1625 577 1693 vilegio
615 1625 911 1676 subnixum
951 1627 1056 1687 ¹⁷²,
1110 1637 1297 1692 neque
1337 1622 1577 1691 pupilli,
1626 1624 1721 1693 qui
1761 1640 1829 1676 ex
1865 1624 1982 1676 filia
2019 1642 2129 1695 pa-

373 1712 524 1764 troni
561 1711 742 1773 venit,
780 1714 914 1782 quia
951 1709 1244 1764 vacatione
1279 1716 1501 1780 praeter
1522 1712 1591 1746 ¹⁷²
1623 1709 1833 1763 liberos
1848 1718 2130 1782 patrono—

377 1815 496 1850 rum
520 1837 536 1862 ‚
565 1799 664 1869 qui
702 1815 801 1868 per
834 1799 1057 1855 virilem
1096 1814 1287 1850 sexum
1325 1795 1704 1861 descendunt,
1762 1797 1958 1853 liberti
2004 1801 2131 1853 fru-

374 1895 560 1938 untur.
1691 1928 1694 1935 .

373 1970 417 2043 §.
453 1974 573 2025 225.
644 1972 800 2021 Item.
868 1971 940 2021 Et
971 1969 1104 2025 haec
1143 1969 1365 2040 quidem
1388 1972 1456 2007 ¹⁷³
1505 1970 1574 2022 de
1612 1987 1710 2033 eu,
1765 1971 1859 2023 eui
1910 1969 2131 2023 benefi-
2171 1996 2176 2003 ·

374 2058 519 2112 cium
558 2056 720 2111 datae
758 2057 1034 2111 libertatis
1086 2058 1408 2128 exprobrari
1478 2065 1681 2127 potest.
1751 2058 1964 2131 alioqui
2018 2077 2131 2114 nc-

375 2161 652 2217 quaquam
677 2147 743 2183 ¹⁷4
779 2144 1113 2198 credendum
1153 2153 1239 2198 est
1275 2146 1326 2196 ei
1365 2147 1718 2215 privilegium
1756 2150 1822 2183 ¹⁷⁵
1855 2145 2130 2210 ablatum,

374 2236 465 2287 cui
502 2233 929 2287 fideicommissa
948 2233 1015 2271 ¹⁷⁶
1051 2232 1280 2285 libertas
1321 2234 1504 2285 soluta
1551 2240 1654 2287 ert.
1723 2249 1852 2285 nam
1900 2235 1960 2287 in
1997 2241 2126 2286 toto

370 2318 487 2372 fere
526 2322 648 2373 iure
686 2320 1049 2372 manumissor
1085 2301 1358 2372 eiusmodi
1395 2319 1541 2371 nihil
1579 2320 1716 2372 iuris
1758 2319 1866 2394 {ut}
1902 2324 1969 2359 ¹⁷⁷
2016 2336 2126 2389 pa-

368 2412 562 2457 tronus
596 2406 856 2458 adversus
894 2422 1181 2473 personam
1213 2407 1377 2458 modo
1415 2406 1608 2461 liberti
1638 2407 2013 2478 consequitur,
2051 2408 2132 2460 li-

369 2500 459 2542 cet
507 2494 568 2545 in
613 2491 779 2545 bonis
832 2494 949 2545 eius
1007 2495 1229 2563 patroni
1283 2495 1368 2547 ius
1427 2504 1709 2562 exerceat3
1764 2503 1997 2568 excepto
2050 2498 2129 2533 ²⁷⁸

300 2648 311 2660 .
374 2621 491 2673 151.
654 2621 777 2689 166)
817 2620 1025 2674 Buchh.
1063 2623 1242 2692 suppl.
1282 2637 1433 2695 puto.
1585 2624 1702 2694 167)
1743 2625 1825 2675 Ita
1867 2625 1925 2677 V.
1968 2629 2117 2696 expl.

367 2689 478 2741 litt.
629 2692 748 2761 168)
783 2693 852 2743 V.
897 2695 1068 2761 prima
1106 2710 1268 2744 manu
1307 2695 1579 2763 platoma,
1618 2694 1892 2756 secunda,
1928 2704 1992 2747 ut
2026 2701 2116 2749 vi-

365 2757 563 2821 detur,
595 2762 890 2829 plaetorio.
926 2764 1058 2814 Mai.
1197 2767 1313 2831 169)
1350 2766 1428 2816 lta
1466 2763 1618 2828 Man
1655 2764 1720 2813 V.
1762 2765 2112 2820 libertorum.

372 2830 490 2898 ¹70)
531 2829 610 2881 Ita
648 2833 706 2887 V.
753 2849 855 2901 pro
893 2832 1196 2902 deligatur,
1236 2834 1385 2904 quod
1423 2833 1629 2889 Buchh.
1676 2836 1732 2884 in
1785 2843 2114 2890 contextum

361 2902 569 2967 posuit,
661 2902 780 2972 ¹7¹)
820 2903 903 2955 lta
942 2902 1171 2956 VVenck.
1213 2906 1282 2956 cf.
1319 2903 1359 2974 §.
1404 2922 1521 2958 220.
1560 2903 1720 2961 Bark.
1756 2906 1931 2957 Blum.
1955 2907 2112 2969 Kell.

354 2971 638 3022 munitum.
677 2972 747 3027 V.
789 2979 846 3023 et
882 2972 1017 3030 Mai.
1066 2976 1318 3026 lacunam
1369 2981 1633 3044 quattuor
1684 2976 1992 3031 litterarum
2052 2988 2116 3031 et

353 3037 501 3090 irum
537 3040 820 3093 exhibent.
904 3043 1126 3113 172)Ita
1165 3046 1308 3099 Keil.
1347 3052 1402 3095 ct
1434 3044 1565 3096 Mai.
1608 3045 1665 3096 in
1697 3044 1863 3114 add.;
1909 3048 1975 3100 V.
2014 3068 2115 3120 pp,

353 3105 415 3157 id
452 3115 536 3160 est
570 3124 835 3181 propter,
888 3113 1039 3182 quod
1097 3114 1226 3166 Mai.
1284 3117 1342 3166 in
1380 3122 1640 3169 contextu
1677 3115 1865 3167 habet.
1986 3123 2086 3187 173

347 3176 432 3226 Ita
470 3178 644 3237 mum.
682 3189 737 3233 et
778 3182 923 3234 Keil.
954 3200 971 3248 ;
1007 3184 1079 3241 V.
1118 3184 1225 3237 hac
1250 3205 1302 3255 q.
1341 3185 1614 3239 Mai.:hac
1651 3202 1792 3254 quae
1820 3221 1864 3236 ..
1890 3225 1902 3238 .
1985 3123 2114 3259 ¹743

346 3246 446 3298 Est
482 3248 541 3298 L.
566 3253 648 3318 24.
674 3252 737 3301 D.
776 3253 844 3304 de
903 3264 1142 3307 excusat.
1182 3257 1537 3327 Papinianus
1570 3255 1715 3309 libro
1767 3255 1867 3308 XI.
1924 3260 2112 3324 Quae·

347 3318 622 3370 trionum..
659 3321 1034 3397 Nequaquam
1070 3326 1168 3378 rel.
1323 3379 1328 3382 μ
1375 3328 1493 3397 ¹75)
1535 3326 1654 3393 Dig.
1693 3325 1971 3379 adiiciunt
2010 3349 2112 3385 ex-

349 3389 678 3468 cusationis.
846 3394 966 3464 176)
1011 3395 1130 3463 Dig.
1154 3394 1709 3464 fideicommissaria.
1863 3400 1983 3470 177)
2025 3402 2112 3451 Ita

347 3454 482 3515 nim.
506 3473 535 3510 e
562 3460 682 3531 Dig.
704 3463 809 3519 ins.
886 3467 1007 3537 178)
1030 3467 1152 3539 mg.
1190 3465 1453 3521 adversus
1491 3466 1686 3520 liberti
1719 3485 1862 3538 pers.
1908 3488 2107 3525 cottae-
