2352 4157
373 438 445 494 sa
895 435 989 492 ne
1026 435 1565 505 Domnomssus

370 574 725 643 plicationern
764 578 947 629 locum
985 577 1194 630 habere
1242 581 1540 648 imperator
1588 581 1779 629 noster
1836 575 2126 646 rescripsit

368 663 429 711 in
463 661 601 714 haec
640 665 803 715 verba
830 665 866 714 ⁹.

366 744 408 816 §·
454 750 622 803 266³.
697 752 860 822 Greg.
896 751 994 803 lib.
1029 752 1175 803 XIII.
1211 752 1297 802 tit.
1318 755 1362 786 ¹⁰
1404 752 1534 821 Imp.
1570 750 1884 803 Alexander
1920 750 2120 803 Flavio

366 833 691 888 Menandro.
765 837 1033 891 professio
1074 839 1394 891 donationis
1419 839 1567 907 apud
1589 845 1710 890 aeta
1746 837 1943 914 factae,
1985 853 2115 889 cum

364 937 550 991 neque
588 926 1050 994 mancipationem
1074 963 1089 988 ,
1137 942 1323 995 neque
1360 925 1718 978 traditionem
1757 923 2112 976 subsecutam

366 1022 483 1061 esse
521 1009 705 1074 dicas,
746 1012 1174 1065 destinationem
1215 1012 1403 1082 potius
1438 1011 1793 1064 liberalitatis
1814 1028 1977 1083 quam
2020 1011 2107 1064 ef·

360 1095 566 1147 fectum
602 1098 684 1148 rei
723 1105 877 1150 actae
918 1101 1179 1150 continet.
1270 1105 1563 1168 eapropter
1626 1097 1779 1168 qnod
1835 1114 1949 1150 non
2001 1096 2106 1150 ha-

358 1182 485 1234 buit
520 1182 668 1236 filius
707 1191 831 1236 tuus
865 1185 1205 1248 dominium,
1239 1186 1286 1237 si
1322 1202 1465 1256 quae
1503 1185 1755 1238 adfirmas
1793 1200 1917 1237 vera
1951 1193 2103 1247 sunt,

358 1270 607 1338 obligare
645 1280 802 1342 pacto
846 1288 945 1324 suo
985 1271 1247 1324 creditori
1283 1288 1395 1324 non
1429 1273 1639 1341 potuit3
1674 1287 1779 1323 nec
1800 1271 1950 1342 quod
1977 1274 2102 1325 sine

357 1361 552 1410 effectu
587 1368 798 1429 gestum
839 1367 941 1422 est,
973 1359 1408 1413 vindicationem
1447 1360 1529 1409 tui
1565 1358 1701 1410 iuris
1725 1357 1973 1426 impedit.
2008 1359 2100 1412 PP.

353 1444 446 1495 111.
480 1444 587 1497 kal.
618 1447 732 1499 Ian.
820 1445 1132 1501 Alexandro
1191 1448 1322 1513 Aug.
1357 1446 1449 1496 ΙΙΙ.
1485 1453 1542 1497 et
1595 1445 1776 1499 Dione
1814 1446 1881 1498 11.
1918 1462 2095 1500 conss.

352 1532 519 1603 (ns)
786 1538 793 1545 '
1267 1579 1274 1583 -

350 1618 393 1690 §.
431 1621 550 1689 267.
622 1620 789 1690 Impp.
836 1619 1071 1673 Severus
1128 1626 1190 1672 et
1237 1619 1545 1671 Antoninus
1598 1620 1764 1689 Augg.
1816 1619 2100 1676 Cosoniae

352 1704 591 1758 Hilarae.
662 1705 820 1758 Actio
857 1723 1000 1759 nova
1017 1710 1060 1740 ¹¹
1094 1722 1163 1758 ex
1198 1704 1581 1777 prolmissione
1603 1709 1668 1769 ²²,
1707 1722 1849 1778 quae
1870 1708 2098 1762 donati-
2191 1702 2195 1706 ⁸

353 1794 472 1846 onis
508 1810 672 1846 causa
707 1794 851 1845 facta
885 1793 960 1844 sit
981 1832 996 1856 ‚
1061 1793 1180 1846 dari
1225 1809 1336 1845 non
1360 1796 1404 1827 ¹³
1437 1793 1594 1846 solet.
1685 1794 1774 1847 PP.
1809 1795 1949 1866 prid.
1984 1794 2094 1850 kal.

346 1881 461 1932 Ian.
533 1883 732 1935 Romae
754 1920 771 1945 ,
808 1880 1088 1934 Antonino
1126 1880 1193 1931 11.
1230 1897 1402 1932 conss.
1424 1882 1467 1916 ²³
1503 1881 1668 1952 (205.)

341 1972 389 2036 §-
431 1970 548 2031 268,
619 1968 1006 2038 Quam-ebatur
1042 1983 1142 2030 an,
1179 1985 1300 2021 cum
1336 1967 1495 2019 Seius
1532 1968 1699 2020 filiam
1726 1984 1877 2022 suam
1893 1968 2089 2023 eman-²

343 2054 552 2125 ciparet
581 2090 596 2121 ,
653 2052 807 2124 apud
849 2059 970 2107 acta
1018 2055 1296 2126 professus
1354 2056 1427 2108 sit
1481 2056 1535 2107 ei
1584 2073 1645 2109 se
1704 2057 1909 2111 donare
1956 2058 2089 2112 sun-

342 2142 506 2204 dum,
541 2159 647 2195 nec
679 2143 1046 2194 instrumenta
1081 2143 1401 2196 donationis
1439 2142 1636 2196 feeerit
1659 2182 1676 2207 ,
1725 2150 1854 2197 an²⁵
1887 2146 2087 2202 videa-

340 2238 430 2282 tur
470 2230 813 2299 professione
867 2238 1112 2282 actorum
1169 2231 1415 2299 perfecta
1468 2248 1588 2294 esse
1639 2231 1882 2285 donatio.
1978 2236 2086 2291 Re-

339 2316 557 2384 spondi,
590 2318 637 2367 si
665 2332 846 2386 neque
873 2317 1207 2386 mancipatio
1227 2354 1246 2381 ,
1279 2333 1465 2391 neque
1497 2318 1724 2374 traditio
1759 2330 1944 2379 secuta
1973 2333 2084 2390 est,

337 2402 470 2454 solis
513 2406 649 2455 actis
693 2403 999 2454 dominium
1038 2420 1150 2454 non
1188 2407 1462 2459 transisse.

337 2488 379 2560 S.
418 2490 537 2559 269.
612 2487 880 2556 Ulpianus
920 2488 1066 2541 libro
1100 2488 1295 2558 XLVI.
1325 2492 1395 2543 ad
1413 2494 1695 2548 Sabinum.
1765 2498 1889 2564 ‚‚Ut‚
1928 2502 2083 2571 quod

336 2574 606 2628 utendum
642 2581 817 2627 mater
862 2575 1010 2629 filiae
1067 2575 1261 2642 dedit,
1318 2596 1432 2636 non
1479 2583 1734 2637 ‘videatur
1782 2585 2081 2654 donatum

334 2668 392 2716 et
431 2662 478 2716 si
518 2662 783 2717 donatum
821 2661 896 2717 sit
919 2700 939 2727 ,
976 2682 1088 2719 non
1119 2666 1346 2731 valeat,
1380 2670 1440 2720 in
1476 2678 1752 2739 potestate
1793 2673 1907 2727 fllia
1943 2692 2079 2728 eon-

149 1719 337 1844 52:32}

329 2824 388 2893 9)
423 2822 608 2877 Verba
644 2823 814 2877 huius
852 2828 1105 2897 rescripti
1147 2827 1547 2881 desiderantur.
1633 2849 1760 2886 nam
1797 2836 1944 2906 quod
1982 2853 2076 2889 se-

327 2894 518 2965 quitur
551 2896 878 2964 rescriptum
927 2896 1226 2950 Alexandri
1262 2899 1335 2949 ad
1385 2901 1495 2951 alia
1535 2906 1762 2959 omnino
1803 2908 2072 2973 pertinet,

322 2979 426 3017 nec
467 2964 538 3016 ab
579 2966 819 3034 Ulpiano
855 2968 1015 3020 citari
1052 2970 1278 3037 potuit,
1339 2972 1550 3040 quippe
1606 2976 1704 3043 qui
1767 2975 1941 3028 libros
1991 2978 2076 3029 :sd

322 3034 705 3087 edictumsssub
736 3037 1017 3090 Antonino
1059 3039 1347 3091 Caracalla
1384 3044 1640 3109 scripsit,
1678 3052 1736 3096 et
1773 3062 1818 3097 a.
1846 3046 1961 3101 2‘28.
2018 3066 2071 3120 p.

322 3104 448 3157 Chr.
483 3106 807 3158 interfectus
832 3114 929 3161 est.
1003 3124 1174 3177 quare
1196 3125 1300 3162 nec
1322 3112 1502 3164 Hassii
1540 3115 1904 3187 Wenckiique
1942 3131 2072 3171 sen-

324 3178 561 3228 tentiam
599 3176 813 3243 probo,
879 3178 978 3247 qui
1013 3187 1143 3248 post
1184 3196 1236 3232 ν.
1279 3181 1481 3237 habere
1518 3185 1682 3252 plene
1709 3186 2063 3253 distinguen-

320 3244 452 3298 dum
486 3261 607 3297 esse
646 3257 990 3302 censuerunt.
1030 3304 1040 3312 ‚
1070 3249 1159 3320 ιο)
1175 3250 1257 3302 Ita
1292 3252 1361 3310 V.
1400 3256 1705 3310 recentiore
1742 3256 1823 3307 uti
1844 3256 2068 3311 videtur

316 3328 504 3368 manu.
541 3316 1063 3372 Mai.'-Ed.Berol.
1089 3319 1304 3371 habetx*
1342 3326 1541 3378 verba.-
1583 3322 1712 3392 [Gre
1752 3325 2063 3383 .lib.X111.

314 3386 420 3459 tia]
436 3387 569 3457 Imp.
586 3389 680 3441 rel.
759 3392 841 3459 11)
863 3390 1012 3442 Hass.
1029 3406 1185 3461 prop.
1204 3390 1375 3448 nuda.
1438 3344 1898 3464 12)wencl{vult
1923 3416 2067 3469 pro·

298 3457 569 3528 sessione.
670 3460 753 3529 13)
793 3461 875 3514 Ita
911 3461 1039 3517 Mai.
1079 3464 1141 3513 in
1187 3461 1340 3526 add.;
1374 3466 1432 3516 in
1472 3473 1731 3520 contextu
1767 3485 1885 3520 non
1914 3466 2060 3522 dari.

322 3530 406 3600 14)
443 3530 525 3582 Ita
560 3530 626 3587 V.
663 3529 879 3585 duabus
913 3550 955 3586 s.
992 3533 1121 3586 Mai.
1293 3534 1396 3598 ’15)
1433 3535 1566 3588 Mai.
1599 3526 1663 3591 εδ
1701 3557 1782 3594 an
1816 3554 1886 3592 ex.
1925 3553 2059 3593 con·
