2352 4157
822 347 917 401 ET
957 347 1294 402 nomeu&
1875 347 1946 407 M.

191 484 371 538 liceat
404 484 777 556 proprietatis
817 499 942 535 eum
974 484 1021 517 ³⁵
1057 512 1125 540 s.
1158 519 1172 535 .
1209 483 1382 537 fretus
1420 483 1822 537 coniunctionis
1853 486 1952 539 {ir-

188 573 392 624 mitate
439 571 569 641 proi
611 604 833 624 .....
858 570 909 637 ³⁶.
937 585 1024 622 em
1063 606 1076 620 .
1113 606 1128 620 .
1167 587 1273 622 .·m
1311 571 1463 622 iuxta
1499 578 1763 623 statutum
1800 572 1951 624 iudi-

190 640 371 710 cantis
426 656 715 709 adflixerit
746 694 760 707 .
797 692 811 708 .
854 692 867 706 .
903 672 935 705 a
971 656 1320 735 deprimitur.
1346 656 1565 709 Viderit
1590 659 1734 707 enim
1762 664 1945 711 utrum

188 744 249 794 in
287 746 659 812 praeteritum
697 778 711 793 .
755 778 820 800 .=.
859 740 988 794 dote
1010 745 1337 812 repromissa
1366 745 1710 796 aestimantis
1728 744 1945 814 aliquid

188 845 476 883 remanere
529 867 543 880 .
582 867 597 881 .
636 867 650 882 .
699 830 1001 881 constituta
1056 829 1284 899 petendi
1345 830 1573 881 firmitas
1635 838 1946 900 putaretur,

190 931 220 965 e
260 931 464 967 eonmu
509 951 523 964 .
570 951 587 970 .
626 915 786 966 stim·
829 917 1143 984 parentium
1183 919 1405 968 affectus
1435 917 1746 986 persuasit,
1778 926 1841 970 ut
1877 918 1938 970 in

187 1003 307 1056 ⁸010
330 1036 366 1059 -.
402 1041 418 1055 .
457 1038 471 1053 .
513 1001 648 1054 dote
681 1001 951 1071 obligatio
989 1003 1306 1072 gigneretur
1352 986 1553 1055 frus't'ra
1608 1001 1832 1054 evidens
1868 1040 1880 1053 .
1920 1039 1933 1053 .

245 1129 266 1146 .
305 1105 398 1140 am
474 1088 855 1141 restituendae
906 1089 1053 1140 dotis
1119 1088 1461 1141 voluntatem
1516 1090 1723 1142 astutia
1774 1087 1934 1146 here-

181 1173 224 1228 d
257 1212 271 1225 .
299 1210 335 1232 -.
370 1213 385 1228 .
424 1175 745 1244 speciebus,
770 1190 905 1244 quas
937 1172 1053 1226 doti
1076 1182 1235 1244 pater
1255 1173 1405 1226 filiae
1421 1176 1659 1228 momine
1678 1176 1935 1246 designa-

179 1276 246 1314 ve
286 1303 302 1320 .
328 1299 358 1312 ..
397 1294 416 1313 .
452 1279 548 1314 um
582 1259 768 1321 libelii
806 1259 1107 1313 scribtione
1144 1268 1393 1330 promat,
1433 1269 1490 1314 et
1525 1263 1594 1314 de
1631 1262 1929 1315 redhibiti-

180 1363 286 1399 one
326 1385 343 1401 .
370 1384 394 1400 -.
441 1391 455 1405 ,
493 1363 525 1397 a
571 1347 722 1398 filiae
766 1347 949 1399 dotem
991 1349 1211 1398 restitui
1247 1347 1443 1406 voluit,
1530 1348 1753 1400 Frustra
1805 1349 1929 1400 Ma·-

177 1435 360 1485 ximus
408 1471 424 1484 .
466 1469 483 1488 .
521 1474 538 1492 .
572 1433 854 1486 desiderat
894 1433 1103 1484 Renato
1142 1434 1433 1496 submoto,
1480 1436 1572 1485 cui
1609 1433 1708 1485 doe
1744 1434 1928 1485 Pauli-

176 1536 282 1571 nae
320 1521 542 1573 nomine
578 1557 595 1574 .
629 1558 645 1573 .
683 1556 699 1570 .
738 1521 1132 1588 repetitionem
1169 1520 1463 1572 instituere
1498 1519 1744 1589 potuisse
1774 1519 1924 1571 iudi-

177 1608 325 1660 cavit
359 1644 373 1659 .
413 1644 425 1656 .
460 1647 474 1660 .
524 1644 538 1660 .
576 1607 636 1658 ui
672 1606 925 1660 voluntas
961 1608 1135 1658 soceri
1179 1607 1357 1675 primo
1394 1622 1493 1675 per
1530 1605 1780 1659 libellum
1820 1606 1920 1657 de-

173 1694 309 1745 hinc
347 1733 363 1749 .
400 1729 415 1742 .
452 1731 468 1747 .
505 1693 786 1763 consuluit
823 1692 1086 1745 auxilium
1127 1700 1343 1744 nostrae
1378 1691 1816 1745 mausuetudinis
1855 1693 1919 1747 in

169 1817 184 1832 .
219 1820 237 1839 .
278 1819 293 1831 .
330 1778 585 1850 undique
621 1794 840 1831 versum
874 1780 992 1831 eius
1018 1777 1333 1851 actionibua
1366 1777 1574 1830 aditum
1596 1778 1776 1842 daret,
1817 1781 1918 1847 qui

170 1881 292 1918 cum
330 1868 720 1934 repetitionem
762 1905 776 1919 .
819 1902 833 1917 .
877 1904 891 1920 .
930 1874 1016 1919 set
1075 1865 1287 1920 violato
1324 1865 1753 1917 necessitudinis
1793 1866 1914 1915 iure

168 1951 418 2006 secundo
457 1953 633 2005 soceri
672 1955 732 2005 iu
768 1990 784 2006 .
828 1991 843 2005 .
881 1991 893 2003 .
931 1952 1172 2019 adipisci
1193 1951 1524 2005 merebatur.
1580 1958 1918 2024 quapropter

174 2037 408 2091 Maximi
447 2042 724 2092 sententia
756 2039 942 2094 dotem
965 2076 984 2102 ,
1023 2039 1178 2092 cuius
1213 2076 1225 2091 .
1274 2077 1285 2090 .
1324 2028 1337 2090 ζ
1373 2040 1581 2093 iuxta-³⁷
1617 2045 1917 2092 extremam

171 2126 394 2184 restitui
433 2126 793 2190 voluntatem,
830 2130 927 2196 qui
965 2143 1084 2177 eam
1123 2126 1282 2178 reddi
1315 2164 1328 2177 .
1370 2161 1385 2180 .
1422 2168 1440 2186 .
1481 2126 1916 2196 prohiberipla-

171 2213 301 2264 cuit.
375 2227 482 2265 nec
527 2215 682 2265 enim
745 2212 981 2265 dubium
1039 2220 1123 2265 est
1174 2216 1428 2265 effectum
1469 2214 1752 2264 restitutio
1788 2248 1799 2259 .
1840 2246 1851 2260 .

171 2295 544 2361 destinatum,
581 2299 671 2351 cui
708 2298 893 2352 dotem
934 2298 1087 2352 filiae
1116 2300 1341 2351 nomine
1379 2316 1477 2367 per
1512 2298 1789 2352 libellum.

170 2382 212 2455 ς.
256 2384 370 2453 ¹¹4·
442 2385 641 2437 Paulus
672 2385 774 2439 lib.
813 2385 958 2441 vm.
996 2384 1055 2435 R.
1129 2383 1329 2459 [Inter]
1371 2387 1548 2438 virum
1588 2392 1645 2436 et
1686 2399 1911 2436 uxorem

176 2471 495 2536 convenitr
527 2489 649 2524 cum
684 2489 769 2524 res
808 2477 864 2524 et
898 2509 911 2521 .
950 2510 962 2522 .
1007 2512 1022 2529 .
1061 2472 1108 2505 ³⁸
1156 2474 1220 2523 in
1265 2470 1453 2523 dotem
1505 2470 1802 2536 darentur,
1849 2478 1914 2523 ut

177 2556 418 2608 divortio
439 2564 628 2609 secuto
660 2564 844 2609 utrum
871 2558 1041 2611 vellet
1063 2559 1266 2610 mulier
1296 2561 1307 2624 1
1341 2558 1599 2625 eligeret,
1637 2558 1727 2608 vel
1756 2574 1910 2608 man—

173 2643 337 2713 cipia,
373 2644 462 2696 vel
497 2645 957 2701 aestimationem,
1038 2644 1301 2697 Manente
1337 2644 1690 2695 matrimonio
1726 2644 1911 2695 ancil-

171 2729 262 2785 lae
283 2730 331 2766 ³⁹
370 2738 727 2799 pepererunt.
800 2732 1110 2801 quaesitum
1158 2739 1270 2792 est,
1312 2732 1357 2782 si
1400 2730 1600 2781 mulier
1635 2730 1910 2798 mancipia

169 2816 442 2884 elegisset,
475 2835 551 2869 an
563 2829 759 2886 partus
787 2815 942 2887 apud
965 2818 1228 2870 maritum
1265 2815 1600 2869 remanere³⁹
1619 2813 1911 2867 deberent?

172 2905 226 2962 Ρ.
261 2902 573 2972 respondit,
609 2904 872 2974 quoniam
909 2904 1157 2973 periculo
1192 2904 1377 2955 mariti
1411 2905 1663 2953 vixerunt
1694 2902 1910 2955 manci-

172 3034 336 3085 Posse
368 3047 474 3102 per·
506 3047 885 3103 quemcunque
909 3032 1187 3087 actionem
1226 3069 1239 3081 .
1277 3068 1291 3082 .
1331 3068 1345 3082 .
1376 3031 1712 3103 perpetuari.
1750 3030 1908 3098 Mey-

171 3102 274 3155 erf.
312 3102 539 3169 supplet
575 3112 684 3155 act.
726 3104 811 3155 rei
845 3104 1097 3154 uxoriae.
1142 3129 1143 3132 =
1204 3103 1295 3170 35)
1334 3104 1396 3153 ln
1432 3119 1595 3171 marg.
1632 3101 1744 3158 sch.
1786 3101 1909 3152 Do-

169 3186 298 3222 num
332 3187 439 3241 per
470 3170 716 3222 libellum
753 3173 1077 3242 promissum
1123 3182 1179 3224 et
1230 3173 1349 3223 sine
1410 3173 1779 3242 stipulatione
1815 3173 1910 3241 af·

1944 2560 2031 2613 99.
2057 2556 2104 2590 a·

171 3240 278 3291 sert
313 3243 606 3294 actionem.
747 3241 839 3310 36)
878 3241 1141 3309 Quinque
1167 3243 1257 3293 vel
1296 3258 1389 3292 sex
1427 3243 1735 3293 litterarum
1776 3256 1911 3308 spa-
1999 3265 2008 3278 2

168 3309 306 3361 tium
347 3324 570 3361 exesum
607 3325 726 3361 esse
763 3320 951 3362 annot.
991 3310 1118 3361 Mai.
1257 3313 1347 3378 37)
1397 3311 1478 3363 Ita
1518 3310 1701 3365 Dirks.
1806 3312 1903 3378 38)

171 3378 361 3431 Keller
396 3397 483 3433 res
517 3392 571 3433 et
607 3380 870 3433 ancillae.
956 3380 1184 3447 Meyerf.
1234 3397 1324 3433 res
1375 3382 1526 3434 aliae
1568 3394 1622 3434 et
1655 3380 1906 3434 ancillae

169 3451 512 3510 aestimatae.
598 3447 758 3503 Bark.
806 3466 927 3506 cum
964 3452 1260 3506 aestimata
1292 3452 1575 3522 mancipia
1609 3452 1672 3505 in
1705 3449 1902 3507 dotem.
1951 3471 1954 3474 2
