2352 4157
378 397 500 446 vm
1007 390 1391 445 PRAEFATIO.

374 531 613 592 ciminis
656 549 837 589 causa
887 529 1133 611 depingi
1173 508 1563 601 curavimus,
1610 527 1838 588 habent
1878 549 1911 587 a
1955 549 2107 610 qua-

370 666 657 747 draginta
724 661 921 723 tribus
995 682 1187 742 usque
1253 660 1329 720 ad
1390 661 1834 743 quinquaginta
1894 681 2101 721 unam.

366 801 746 861 Litterarum
790 796 1030 872 forma,
1077 796 1213 855 Gaii
1237 793 1615 856 Veronensis
1655 793 1995 875 scripturae
2022 799 2108 854 si-

364 931 527 991 milis
557 976 572 1004 ‚
620 942 682 999 et
725 928 1018 1012 siglarum
1045 928 1407 1010 frequentia,
1457 948 1722 1009 quarum
1748 931 2111 1009 praecipuae

364 1065 425 1124 in
457 1063 910 1145 specimineillo
932 1061 1239 1141 exhibitae
1255 1071 1417 1138 sunt,
1448 1062 1729 1144 quintum
1754 1060 1851 1122 vel
1870 1072 2107 1121 sextum

358 1195 669 1257 saeculum
706 1194 1005 1262 redolent.
1047 1195 1375 1256 Praeterea
1419 1193 1800 1255 credendum
1841 1214 1965 1254 non
2008 1205 2103 1254 est

356 1341 495 1412 post
538 1328 859 1390 Iustiniani
901 1338 1183 1411 tempora
1222 1327 1515 1389 librarios
1562 1329 1628 1387 in
1673 1329 1827 1389 iuris
1869 1326 2104 1410 antiqui

358 1458 632 1544 reliquiis
672 1460 1083 1523 describendis
1128 1481 1382 1543 operam
1406 1482 1576 1522 suam
1600 1464 2065 1542 consumpsisse.

524 1593 692 1655 Haec
731 1593 1033 1655 sufficiant
1075 1594 1152 1655 de
1189 1593 1393 1654 codice
1423 1596 1869 1676 manuscripto,
1915 1614 2104 1677 quem

354 1731 419 1791 in
473 1730 865 1793 annotatione
926 1739 1137 1790 nostra
1194 1726 1398 1787 littera
1456 1726 1529 1788 V
1521 1773 1541 1792 .
1584 1726 1680 1806 (V
1672 1726 1942 1813 acican.)
1990 1727 2101 1788 de-

355 1865 595 1946 signare
633 1864 907 1946 placuit3
953 1883 1116 1953 nunc
1169 1860 1482 1922 videamus
1526 1860 1836 1942 quomodo
1892 1862 1942 1921 is
1994 1881 2108 1940 pu·

352 1994 495 2057 blici
540 1996 695 2057 iur1s
733 1995 928 2056 factus
974 1999 1072 2056 sit.
1159 1994 1342 2072 Quod
1384 1993 1629 2076 quidem
1692 2015 1835 2075 prae
1885 1994 2104 2054 ceteris

351 2127 590 2211 Angelo
628 2129 794 2189 Maio
840 2127 1165 2205 debemus,
1207 2129 1314 2209 qui
1339 2148 1453 2208 pro
1488 2148 1595 2187 sua
1643 2126 1704 2184 in
1737 2125 2099 2208 indagandis

347 2263 746 2345 palimpsestis
791 2260 1091 2322 industria
1149 2258 1419 2321 codicem
1464 2258 1559 2318 bis
1609 2257 1904 2341 scriptum
1964 2280 2096 2320 esse

343 2398 577 2479 primus
614 2394 1079 2471 animadvertit,
1126 2403 1192 2453 et
1225 2395 1392 2453 acuti
1441 2395 1605 2454 visus
1617 2437 1637 2469 ,
1683 2414 1807 2473 quo
1843 2404 2101 2454 naturae

344 2527 510 2589 dono
570 2525 828 2609 gaudet,
895 2525 1117 2586 auxilio
1178 2525 1545 2608 scripturam
1606 2526 1862 2589 deletam
1915 2538 2099 2608 atque

341 2658 751 2723 recentiorum
776 2656 1121 2719 litterarum
1159 2659 1369 2742 figuris
1414 2660 1702 2721 obrutam
1756 2659 2095 2741 explicavit.

342 2793 463 2855 Sed
499 2813 642 2857 cum
690 2792 794 2853 vir
843 2791 1055 2852 doctus
1091 2813 1125 2851 a
1164 2793 1315 2851 iuris
1360 2792 1606 2853 scientia
1652 2791 1882 2852 alienus
1917 2804 2091 2868 esset,

339 2925 684 2987 felicissime
739 2926 982 3001 evenit,
1024 2935 1092 2985 ut
1114 2923 1388 2985 Blumius
1422 2936 1628 2985 noster
1670 2937 1820 2986 tunc
1861 2926 2092 2988 Romae

338 3066 690 3120 moraretur
716 3102 734 3131 ‚
792 3058 965 3117 cuius
1009 3057 1283 3118 doctrina
1328 3079 1397 3117 ac
1428 3058 1759 3139 sagacitate
1793 3057 1853 3116 in
1885 3057 2091 3139 legen-

339 3190 431 3253 dis
481 3201 541 3251 et
583 3190 973 3251 restituendis
1017 3190 1113 3252 his
1168 3190 1519 3273 fragmentis
1578 3210 1967 3271 summopere
2030 3212 2095 3249 se

343 3324 619 3388 adiutum
650 3323 835 3384 fuisse
864 3327 991 3406 ipse
1024 3326 1225 3383 Maius
1251 3334 1496 3383 testatus
1534 3332 1624 3384 est
1638 3323 1683 3386 ³.
1730 3319 2086 3382 Dolendum

414 3480 589 3552 3)‚Cf.
627 3478 803 3552 praef,
849 3479 936 3538 ed,
974 3479 1123 3533 Rom.
1164 3494 1215 3547 p.
1254 3477 1474 3530 XVIIII.
