2352 4157
842 373 936 427 ET
970 373 1315 431 VENDITO.
1895 384 1968 439 11

206 523 250 595 ς.
288 520 376 575 36.
449 518 623 588 Augg.
657 521 715 569 et
745 513 920 570 Caess.
940 517 1118 571 Basso.
1153 516 1484 570 Valentinus
1521 515 1808 587 perfidiam
1844 520 1968 570 et⁵⁸

204 607 446 660 maxime
485 604 769 675 queritur,
824 604 955 676 quia
993 604 1062 657 de
1100 604 1199 656 illo
1218 605 1263 640 ⁵⁹
1309 618 1341 654 a
1377 609 1564 656 tutore
1597 607 1863 674 processit
1885 643 1902 668 ,
1935 621 1970 656 a

208 710 324 766 quo
357 690 584 763 aliquid
627 691 685 745 in
721 690 972 745 fortunas
1000 707 1123 742 suas
1148 692 1675 764 perniciosissimum
1696 692 1969 760 proficisci

201 781 439 834 minime
484 780 733 832 omnium
768 776 1022 830 decebat.
1087 779 1493 847 Exuperantius
1529 779 1615 834 vir
1639 778 1969 832 clarissimus

206 868 253 919 si
319 874 541 921 tantum
600 864 909 919 avunculus
943 864 1248 917 Valentino
1307 872 1487 929 esset,
1522 880 1874 937 nequaquam
1908 865 1970 921 in

205 953 570 1008 Valentinum
598 967 833 1029 ‘peceare
872 949 1130 1015 deberet,
1170 954 1267 1024 qui
1305 971 1417 1006 non
1448 959 1461 1018 1

468 1037 615 1113 [Duo
652 1050 751 1091 aut
783 1051 1053 1111 quattuor
1070 1039 1234 1111 folia
1270 1036 1702 1113 desiderantur-‚J

203 1127 246 1199 §1
289 1128 376 1197 37.
451 1164 466 1178 .
536 1164 550 1178 .
619 1124 949 1179 videlicet⁶⁰
984 1133 1104 1178 acta
1139 1143 1254 1180 non
1289 1126 1494 1181 donum
1525 1143 1693 1199 quam
1778 1165 1791 1177 .
1864 1163 1878 1176 .
1951 1170 1963 1180 .
1998 1110 2161 1175 6301)-

201 1213 468 1266 fiduciam
503 1212 616 1266 sibi
651 1227 771 1266 esse
806 1219 1073 1267 servatam
1109 1250 1966 1266 ...........

200 1299 450 1355 obnoxia
487 1306 812 1372 conpar-ator
846 1298 1015 1353 aeced
1102 1335 1878 1352 ..........
1950 1335 1969 1355 .

201 1403 339 1441 num
377 1385 619 1457 proinde
656 1385 1107 1456 posthactsaltim
1197 1423 1209 1437 .
1281 1424 1293 1436 .
1363 1424 1402 1439 .,
1446 1424 1460 1439 .
1508 1391 1544 1438 ’.
1615 1425 1628 1437 .
1699 1374 1737 1438 .’
1784 1425 1793 1437 .
1866 1425 1879 1437 .
1951 1410 1969 1429 ι

200 1473 544 1544 fraudesque
580 1473 714 1525 talia
751 1473 1050 1526 dissemina
1102 1510 1117 1524 .
1195 1510 1967 1526 ..........

200 1567 404 1615 centur
439 1559 627 1614 nullus
665 1559 847 1612 aditus
890 1560 1031 1612 fictis
1105 1597 1873 1612 ..........
1950 1597 1968 1618 .

205 1649 354 1701 dolis
390 1647 745 1718 relinquatur
777 1647 1009 1716 ingenui
1105 1684 1964 1701 ...........

198 1736 270 1788 ad
305 1734 743 1806 provincialium
778 1749 968 1804 preces
1008 1732 1216 1786 dudum
1251 1741 1338 1790 est
1371 1751 1478 1791 con
1527 1773 1873 1789 .....
1948 1760 1964 1776 ·

196 1822 541 1879 satisfacere,
563 1822 656 1876 vel
686 1824 906 1878 nollent
945 1822 1060 1893 pub
1110 1860 1965 1882 ...........

197 1926 413 1963 summa
455 1908 730 1964 relevaret
761 1911 868 1963 iam
905 1927 1052 1963 nune
1085 1911 1107 1962 i
1190 1947 1964 1965 ..........

193 1998 395 2067 spicue
426 1997 548 2067 lege
585 1998 818 2058 sancire,
854 2004 918 2049 ut
953 2013 1332 2070 quaecumque
1350 1999 1395 2037 ὅ*
1427 2017 1532 2073 pro
1568 2001 1807 2075 reliquis
1822 2019 1965 2073 pro-

193 2084 455 2157 ‹ligor-um
502 2085 567 2137 in
605 2087 932 2141 annonario
975 2088 1141 2142 titulo
1179 2089 1440 2144 ceterisve
1473 2087 1767 2142 'fiscalibus
1803 2090 1967 2144 debi-

193 2174 266 2228 tis
304 2173 445 2225 luxu
485 2186 552 2223 ac
586 2175 846 2243 nequitia
886 2210 899 2224 .
974 2211 987 2224 .
1063 2211 1076 2225 .
1145 2174 1337 2228 fundis
1373 2183 1540 2246 atque
1560 2177 1851 2245 manc1piis
1875 2178 1968 2231 vel

196 2264 258 2316 in
325 2258 766 2332 quibuscumque
806 2260 1138 2330 corporibus
1209 2261 1310 2312 sub
1373 2261 1634 2317 auctione
1684 2263 1968 2317 licitanda

200 2360 353 2409 sune,
380 2345 540 2415 fisco
573 2352 796 2400 auctore
831 2346 1175 2411 vendantur,
1216 2354 1273 2399 et
1307 2355 1370 2400 ut
1392 2355 1661 2419 perpetuo
1683 2366 1853 2420 penes
1875 2367 1968 2404 eos

194 2436 311 2489 sim
345 2436 474 2489 iure
509 2431 774 2497 dominii,
817 2434 1020 2506 quibus
1064 2450 1156 2490 res
1189 2434 1618 2491 huiuscemodi⁶²
1652 2435 1755 2490 sub
1775 2435 1966 2489 hastae

195 2645 332 2700 Dat.
373 2642 527 2717 prid.
581 2643 729 2700 Non.
777 2644 904 2702 Feb.
963 2643 1497 2715 Constantinopoli,
1556 2644 1850 2699 filiciano
1911 2656 1965 2697 et

201 2717 439 2769 Titiano
483 2716 635 2768 Coss.
674 2713 864 2785 (337.),
917 2731 1081 2786 quam
1135 2716 1215 2769 ita
1264 2730 1387 2770 cum
1439 2721 1625 2767 nostra
1682 2716 1963 2784 componit

198 2784 505 2839 Wenckius
527 2823 544 2848 ‚
584 2790 651 2835 ut
687 2784 1115 2837 Constantinum
1149 2801 1297 2838 anno
1346 2786 1568 2853 imperii
1598 2785 1684 2835 sui
1721 2784 1960 2837 novissi·-

198 2871 291 2908 mo
313 2855 461 2907 hanc
496 2854 679 2921 legem
715 2856 1004 2923 repetiisse
1042 2864 1100 2908 et
1135 2871 1258 2906 cum
1281 2855 1510 2907 Oriente
1532 2856 1960 2907 communicasse

199 2931 428 2982 statuat.
469 2925 564 2993 58)
586 2924 730 2978 Num
759 2923 867 2977 eo?
908 2926 1042 2981 Mai.
1060 2954 1117 2964 —
1138 2924 1298 2978 Bark.
1322 2926 1547 2993 corrigit
1560 2923 1963 2995 Exuperantii.

197 2997 288 3067 59)
306 2993 518 3049 Buchh.
555 2995 701 3065 quia
738 2994 864 3047 illa.
906 2994 1061 3069 §clm
1092 3001 1150 3046 et
1168 2996 1246 3047 nl.
1274 2993 1342 3048 de
1371 2997 1475 3051 illo
1503 3007 1752 3050 auctore.
1863 2993 1961 3064 60)

193 3067 293 3121 Est
312 3066 375 3124 L,
405 3082 447 3118 ι.
467 3063 580 3121 Th.
603 3064 662 3119 C.
683 3062 753 3114 de
770 3063 877 3116 fide
900 3074 956 3117 et
984 3067 1104 3117 iure
1122 3064 1316 3118 hastae
1338 3065 1449 3136 (ιο,
1474 3069 1583 3135 17.)
1602 3072 1661 3115 et
1682 3064 1739 3116 L.
1755 3065 1805 3121 5.
1824 3066 1961 3122 lust.

192 3134 552 3206 eod.(10‚3.)
596 3133 890 3202 inscripta:
931 3137 1134 3208 Imppp.
1155 3136 1611 3196 Valentinianus,
1640 3135 1865 3196 Valens,
1904 3146 1960 3187 et

199 3208 521 3261 Gratianus
559 3206 718 3260 AAA.
762 3202 842 3258 ad
893 3206 1203 3260 Viventium
1252 3205 1339 3279 Pj:
1373 3208 1433 3259 P.
1477 3206 1621 3259 Gall.
1641 3244 1665 3268 ,
1703 3207 1762 3258 in
1798 3212 1955 3258 utro·

239 3292 308 3330 ue
344 3281 535 3328 autem
568 3273 1148 3344 Codicemagnopere
1189 3278 1251 3327 in
1288 3276 1676 3343 compendium
1712 3274 1951 3327 redacta.

237 3346 287 3418 ι)
327 3346 434 3399 Hic
474 3344 678 3414 incipit
711 3344 770 3395 L.
797 3362 839 3399 ι.
880 3344 982 3399 Th.
1014 3346 1071 3397 C.
1111 3347 1207 3400 cit.
1247 3361 1317 3398 ex
1351 3361 1460 3417 qua
1494 3346 1785 3416 sequentia
1818 3361 1953 3414 sup-

186 3415 413 3485 plemus
436 3453 455 3477 ,
491 3414 742 3486 exceptis
775 3414 960 3468 verbis
998 3417 1139 3470 luxu
1293 3415 1595 3487 mancipiis
1627 3418 1744 3480 vel,
1808 3428 1952 3487 quae

185 3486 375 3548 tn'rh.
396 3485 465 3540 G.
503 3497 621 3540 non
662 3486 1040 3543 inveniuntur.
1110 3487 1207 3555 62)
1244 3484 1326 3539 Ita
1349 3483 1480 3540 eod.
1500 3485 1632 3542 lust.
1649 3485 1782 3538 -V.
1822 3499 1950 3540 cem.
