2352 4157
689 379 778 432 DE
814 380 1326 442 EXCUSATIONE.
1816 394 1887 456 47

164 528 257 562 usn
295 512 366 562 ita
400 520 674 581 cervatur,
711 526 774 570 ut
807 518 876 570 ad
915 534 1004 570 eas
1036 534 1121 569 res
1146 556 1160 580 ‚
1217 537 1357 590 quae
1395 525 1535 578 ultra
1574 527 1888 582 ducentesi-

161 613 298 648 mum
335 599 575 667 lapidem
613 609 773 666 sunt,
813 605 1084 674 equestris
1124 606 1334 660 ordinis
1350 612 1397 645 ²⁰
1427 612 1531 662 viri
1561 613 1759 666 dentur
1800 623 1887 669 tu-

160 693 293 736 tores
344 687 429 736 vel
481 696 759 740 curatores
798 707 830 738 a
865 697 1138 760 praetore.
1195 699 1254 743 et
1291 694 1397 748 hoc
1432 713 1545 751 non
1582 707 1792 754 tantum
1829 705 1886 759 in

160 784 221 820 eo
258 779 512 825 senatore
550 783 827 838 servatur,
867 779 962 846 qui
1002 776 1224 828 decreto
1256 785 1410 834 tutor
1442 785 1531 835 vel
1549 795 1762 839 curator
1785 790 1885 843 da-

156 861 240 906 tus
277 866 359 910 est
379 895 398 921 ,
438 859 538 912 aed
574 868 631 912 et
666 863 725 913 in
763 877 861 924 eo,
899 865 997 934 qui
1036 869 1385 918 testamento.
1685 872 1690 877 ’

156 939 195 1010 §-
239 945 359 1011 148»
419 947 580 1002 item.
655 950 805 1011 132¹,
857 950 953 1018 qui
1006 949 1065 1000 in
1103 959 1267 1017 portu
1305 970 1405 1022 pro
1444 957 1619 1010 salute
1656 958 1891 1031 impera-

156 1027 282 1078 toris
316 1045 532 1082 sacrum
573 1032 710 1086 facit
743 1051 812 1088 ex
857 1035 1256 1090 vaticinatione
1296 1039 1606 1111 archigalli,
1642 1062 1674 1099 a
1698 1049 1888 1102 tutelis

155 1125 439 1170 excusatur
455 1120 517 1168 ²².

155 1199 194 1270 §.
239 1202 349 1272 ¹49·
430 1205 586 1255 Item.
660 1202 1016 1274 Philosophia
1059 1223 1284 1279 quoque
1326 1218 1382 1262 et
1416 1212 1644 1267 medicis
1678 1222 1734 1268 et
1769 1218 1891 1271 rhe-

157 1287 367 1339 toribus
413 1296 472 1340 et
505 1291 905 1357 grammaticis,
971 1294 1174 1361 quibus
1213 1312 1314 1365 per
1331 1299 1378 1330 ²³
1409 1296 1551 1350 hanc
1575 1301 1889 1370 ‚professio-

151 1390 270 1426 nem
310 1375 635 1428 immunitas
672 1375 790 1428 dari
832 1379 974 1431 solet
998 1416 1015 1444 ,
1056 1381 1224 1432 etiam
1258 1386 1473 1438 vacatio
1507 1402 1538 1437 a
1572 1390 1764 1439 tutelis
1796 1389 1891 1438 da-

149 1468 238 1510 tur
274 1467 388 1513 tam
431 1461 681 1515 divorum
720 1463 1031 1533 principum
1073 1469 1388 1536 rescriptiS,
1437 1487 1605 1539 quam
1658 1476 1892 1542 impera-

149 1546 279 1597 toris
315 1550 515 1601 nostri.
590 1547 819 1618 Quod²²
869 1547 940 1600 ad
990 1552 1231 1604 medicos
1288 1555 1721 1630 uniuscuiusque
1760 1560 1893 1611 civi-

150 1634 276 1686 tatis
335 1638 614 1704 pertinet,
681 1636 824 1687 intra
872 1653 1157 1689 numerum
1215 1642 1463 1712 quinque
1516 1659 1635 1696 ease
1691 1645 1893 1700 debere

150 1734 333 1772 sacrae
366 1721 790 1775 constitutiones
824 1722 1043 1774 docent.
1086 1732 1286 1784 cetera,
1593 1780 1595 1783 ,
1633 1772 1634 1775 ,

151 1805 191 1876 §.
232 1809 350 1859 150.
428 1807 585 1859 Item.
651 1807 846 1877 Neque
889 1819 1231 1878 geometrae,
1287 1829 1469 1882 neque
1515 1815 1611 1878 hi,
1663 1817 1761 1886 qui
1810 1818 1894 1872 ius

146 1891 313 1943 civile
351 1891 581 1956 docent,
618 1910 652 1944 a
690 1893 887 1946 tutelis
927 1906 1274 1949 excusantur.
1691 1918 1694 1919 ’

152 1978 189 2048 §.
238 1981 359 2036 151.
433 1978 591 2034 Item.
664 1980 778 2048 Qui
799 1983 846 2015 ²⁵
896 1983 1099 2033 muniti
1164 1993 1293 2036 sunt
1346 1986 1533 2056 aliquo
1587 1988 1893 2058 privilegio,

152 2065 460 2138 aliquando
501 2064 653 2140 [non]
675 2065 721 2103 ²⁶
772 2067 1142 2121 admittuntur
1183 2071 1252 2121 ad
1300 2075 1707 2128 excusationem
1732 2114 1746 2139 ,
1784 2077 1899 2132 vel-—

154 2154 235 2204 uti
292 2154 340 2203 si
380 2153 568 2207 minor
602 2154 677 2206 ait
719 2170 986 2208 annorum
1035 2155 1216 2220 XXV,
1287 2159 1332 2207 si
1390 2160 1560 2211 adfini
1617 2163 1776 2213 datus
1826 2165 1901 2215 sit

155 2242 406 2301 tutorv,
445 2247 520 2291 et
553 2239 802 2309 aliquem
844 2257 1003 2292 usum
1040 2257 1219 2293 rerum
1257 2241 1462 2298 habeat
1502 2247 1579 2308 ²⁸,
1605 2248 1762 2315 'quod
1816 2251 1899 2301 iua

155 2328 312 2378 venit
349 2342 419 2377 cx
455 2327 697 2395 epistula
734 2326 846 2381 divi
886 2326 1241 2381 Hadriani.²⁹

159 2411 198 2481 §.
257 2413 375 2465 152.
457 2414 612 2465 Item.
683 2415 768 2465 De
806 2412 1093 2466 libertis-’⁶⁰
1139 2432 1397 2487 quoque,
1453 2419 1698 2488 quamvis
1734 2421 1940 2473 multa*

158 2497 451 2564 privilegia
484 2500 903 2552 excusationum
945 2501 1343 2569 praetendant,
1376 2509 1567 2556 tamen
1624 2522 1652 2556 a
1689 2511 1908 2574 patroni

160 2583 242 2631 sui
283 2583 586 2635 liberorum
624 2586 798 2638 tutela
828 2603 941 2639 non
979 2597 1326 2640 excusantur.

162 2666 201 2737 §.
249 2671 364 2723 253.
440 2671 598 2725 Item.
671 2672 786 2741 Qui
828 2672 973 2742 patri
1011 2676 1216 2743 pupilli
1255 2676 1665 2744 promiserunt,
1701 2694 1761 2731 se
1797 2696 1916 2732 sus-

163 2912 250 2976 9ο)
290 2911 357 2961 V.
377 2915 663 2982 aequestri
702 2913 912 2972 ordini.
953 2913 1192 2965 Videtur
1211 2919 1394 2965 tamen
1418 2912 1646 2967 additas
1669 2916 1741 2981 τῷ
1761 2913 1919 2970 ordi·—

160 2983 238 3029 ni.
256 2981 391 3031 Mai.
472 2984 562 3053 9ι)
597 2984 661 3034 V.
702 2986 788 3036 iis.
860 2984 951 3065 99)
987 2985 1055 3036 V.
1081 2996 1436 3037 excusantur.
1488 2984 1578 3054 93)
1631 2985 1755 3035 Mai.
1792 3001 1916 3036 ma-

156 3052 282 3100 vult
317 3063 564 3121 propter.
668 3053 760 3124 94)
811 3053 1114 3107 V.v1detur
1149 3052 1355 3103 habore
1396 3074 1576 3123 quam.
1614 3055 1746 3111 Mai.
1822 3058 1913 3121 25)

161 3118 506 3173 Eadcmlere
526 3122 689 3173 verba
709 3130 1006 3175 occurrunt
1038 3122 1223 3192 infr-213·
1264 3126 1379 3174 233.
1415 3125 1528 3185 Hi,
1569 3125 1670 3195 qui
1703 3128 1905 3177 {nunizi

161 3189 260 3238 rel·
306 3191 972 3264 26)Negationem‚quam
989 3208 1180 3245 sensus
1205 3196 1468 3260 postulat,
1507 3195 1904 3262 librariiculpa

161 3259 420 3309 omissam
446 3277 563 3312 esse
582 3265 743 3313 etiam
765 3262 806 3333 §.
831 3264 950 3315 993.
974 3264 1150 3314 docet.
1227 3264 1316 3330 ²7)
1354 3264 1414 3311 In
1455 3262 1500 3331 §.
1533 3267 1650 3317 993.
1689 3266 1766 3315 ita
1786 3272 1903 3317 est:

162 3331 334 3380 annis
373 3329 516 3380 XXV
565 3330 749 3403 adfini
789 3331 955 3387 datus
992 3347 1160 3386 tutor.
1304 3334 1394 3396 98)
1432 3333 1489 3381 ln
1531 3331 1569 3401 §.
1607 3337 1724 3385 993.
1761 3333 1907 3384 adii-

160 3400 309 3449 citur
365 3398 851 3453 hereditat-iarum.
1069 3400 1156 3469 99)
1236 3398 1277 3469 §·
1316 3405 1434 3454 993.
1474 3404 1684 3474 pergit:
1740 3422 1904 3474 quam

159 3469 393 3542 scripsit
432 3470 669 3524 Claudio
703 3473 1011 3526 Saturnino
1042 3471 1138 3526 rel·
1321 3527 1326 3532 ,
1366 3471 1457 3541 30)
1500 3474 1581 3523 lta
1617 3472 1710 3538 V.;
1746 3472 1903 3524 Bar-k.
