2352 4157
858 360 1243 461 PRJEFAHO.
1793 401 1914 457 xm

171 537 312 599 sivis
334 537 670 613 distinctas,
720 536 1108 616 inseruimus,
1158 550 1378 622 atque,
1430 539 1747 601 ubicodex
1774 562 1914 622 spa-

169 672 323 731 tium
365 670 610 730 nullum
656 670 1024 752 praebebat,
1078 674 1253 732 uncis
1289 671 1675 758 inclusimu53
1726 676 1915 754 ipsius

168 824 313 865 vero
358 802 592 865 codicis
634 815 744 865 aut
784 804 936 869 Maii
969 806 1339 887 scripturam
1410 805 1471 867 in
1522 805 1915 871 annotatione

171 935 456 1018 religiose
512 935 935 1002 indicavimus,
1068 937 1199 999 Ubi
1274 938 1532 999 verbum
1585 935 1912 999 eliminan-

169 1071 315 1133 dum
354 1070 681 1132 videbatur
707 1115 726 1151 ,
771 1070 836 1130 id
875 1092 1119 1153 quoque
1143 1073 1211 1131 in
1256 1072 1712 1134 annotationem
1745 1073 1911 1134 able·-

165 1203 479 1286 gavimus,
521 1212 634 1262 aut
668 1203 844 1263 uncis
875 1203 1160 1284 appositis
1194 1206 1564 1272 notavimus,
1652 1205 1909 1289 ’paginas

164 1348 233 1398 ut
270 1340 336 1399 in
384 1339 547 1398 Gaio
589 1347 648 1398 et
711 1335 988 1418 Ulpiano
1047 1339 1541 1417 numeravimus->3
1600 1340 1908 1400 membra-

164 1492 391 1533 narum
432 1490 591 1532 ’vero
651 1470 976 1532 incisiones
1020 1492 1428 1554 numerosque
1467 1471 1909 1532 versiculorum

165 1606 499 1668 omisimus.
582 1604 844 1666 Librarii
877 1604 1181 1666 scribendi
1232 1605 1385 1666 ratio
1424 1603 1531 1664 ubi
1560 1625 1755 1687 neque
1774 1604 1908 1687 pla-

164 1760 238 1800 ne
282 1749 578 1821 corrupta
630 1738 992 1818 videbatur,
1042 1760 1240 1822 neque
1271 1737 1600 1799 intellectui
1640 1736 1904 1818 impedi-

161 1881 373 1934 mento
427 1880 595 1945 erat,
653 1883 893 1933 servata
937 1882 1044 1933 est.
1127 1875 1212 1933 ita
1277 1894 1333 1933 v.
1391 1893 1445 1938 c.
1502 1892 1643 1932 cum
1700 1870 1907 1931 codice

160 2006 372 2088 scripsi
418 2004 727 2089 conpleri,
768 2005 1147 2090 adprobari,
1175 2005 1583 2089 praescribtt'o
1600 2047 1627 2077 ,
1672 2005 1901 2081 iniciet,

160 2138 370 2199 subicit
393 2185 412 2215 ,
458 2141 896 2216 centensimm,
939 2140 1240 2224 querellas
1280 2148 1345 2199 et
1389 2137 1534 2202 alia.
1618 2137 1749 2197 Non
1794 2137 1902 2196 ad-

160 2273 396 2332 monito
443 2272 675 2333 lectore
729 2272 964 2334 correxi
1009 2271 1231 2333 codici's
1272 2274 1671 2353 scripturam,
1720 2270 1830 2331 ubi
1872 2294 1904 2329 e

158 2414 217 2463 et
256 2426 351 2477 ae,
389 2404 439 2463 d
460 2415 520 2465 et
555 2418 579 2463 t
605 2403 754 2464 falso
783 2413 1160 2485 permutatae
1189 2413 1425 2482 essent3
1476 2405 1902 2485 aspira-tionem

160 2536 241 2610 (h)
283 2540 459 2597 omisi
491 2539 557 2597 in
601 2538 1027 2611 Ιιοειεηᾱαιαν,
1079 2538 1411 2610 exhimer-e,
1460 2537 1726 2613 honera,
1769 2538 1900 2597 his-

152 2667 349 2739 dem,
407 2671 529 2746 hii,
605 2670 885 2751 supplevi
931 2670 994 2728 in
1053 2682 1339 2746 actenu53
1404 2664 1520 2730 alia
1581 2667 1899 2743 eiusmodi,

155 2798 232 2859 de
288 2800 515 2880 quibus
561 2802 815 2862 consule
846 2800 1110 2863 indicem
1133 2800 1697 2885 osthographicum.
1785 2800 1898 2861 Ti..

150 2933 353 3009 tulos,
398 2954 557 3015 quos
594 2935 778 2996 codex
825 2935 885 2995 in
931 2938 1183 2996 summis
1226 2937 1585 3017 paginarum
1628 2934 1753 2992 oris
1792 2953 1898 2992 ex..

145 3063 365 3141 hibet,
406 3067 719 3149 ipsamque
768 3069 1166 3150 partitionem
1215 3078 1275 3127 et
1313 3066 1593 3126 ordinem
1636 3087 1710 3126 ex
1747 3066 1896 3158 Maii

147 3197 428 3278 exemplo
487 3200 730 3263 retinui.
840 3200 1384 3288 Baragraphorum
1450 3200 1661 3280 signis,
1701 3206 1777 3260 ut
1832 3197 1897 3257 in

148 3327 545 3390 Berolinensi
566 3333 920 3413 exemplari,
943 3334 1214 3416 singulos
1236 3306 1403 3394 locos
1435 3331 1709 3409 distinxi,
1738 3349 1895 3411 quae

142 3473 361 3524 tamen
413 3468 586 3547 signa
645 3467 1107 3548 transponenda
1157 3478 1335 3530 erant
1396 3468 1459 3530 in
1518 3465 1600 3550 §§.
1643 3463 1749 3551 74·
1792 3459 1893 3547 75.
