2352 4157
846 399 941 453 ET
983 395 1309 454 DOTlBUS.
1894 398 1964 460 43

202 539 374 609 Augg.
423 537 569 590 Iulio
609 538 670 588 Iu
709 577 718 588 .
762 576 771 587 .
808 550 916 592 tam
945 543 989 576 ⁸²
1046 541 1232 594 dotem
1285 547 1436 594 recte
1473 540 1629 594 reddi
1668 541 1777 594 sibi
1818 541 1964 594 desi-

204 626 400 678 derare
441 625 588 677 dixit
607 626 687 687 ⁵³,
751 643 892 696 quae
937 666 946 677 .
984 666 994 677 .
1030 667 1041 677 .
1078 628 1230 698 quod
1273 630 1438 681 etiam
1475 630 1535 679 in
1575 637 1729 697 patre
1768 647 1964 685 serva-

204 713 391 775 bitur,
432 714 531 783 qui
573 716 955 766 consentiente
998 716 1114 766 filia
1150 733 1211 768 re
1256 754 1266 765 .
1309 753 1322 767 .
1363 757 1377 772 .
1410 717 1453 751 ⁵⁴
1493 732 1594 767 nec
1634 720 1963 772 moratoriae

205 800 475 852 dilationi
510 801 663 853 locus
704 804 839 864 erit,
885 802 1036 871 quod
1073 804 1184 855 mal
1218 837 1232 855 .
1279 845 1294 860 .
1339 839 1351 854 .

205 886 247 957 §.
296 903 408 940 120.
485 888 754 956 Ulpianus
803 888 904 946 lib,
951 890 1193 947 xxxm.
1233 891 1303 942 ad
1339 889 1607 943 Edictum.
1680 889 1830 942 Inter
1875 905 1963 941 ce-

205 985 334 1027 tera
375 972 661 1027 reddenda
706 1013 717 1025 .
766 1018 779 1032 .
832 1015 846 1027 .
881 985 944 1029 ut
979 980 1022 1013 5⁵
1070 980 1444 1032 retentionum
1495 981 1636 1031 ratio
1670 976 1955 1030 habeatur.

206 1061 505 1132 Siquidem
547 1065 804 1115 convenit
842 1105 851 1114 .
892 1103 903 1115 .
949 1082 1062 1116 non
1084 1067 1129 1101 ⁵⁵
1179 1064 1422 1119 deterior
1465 1068 1610 1119 dotis
1653 1083 1812 1118 causa
1845 1066 1958 1128 fiat,

204 1149 316 1199 uisi
361 1151 422 1198 in
460 1160 585 1201 eum
624 1166 804 1201 casum
831 1189 844 1213 ,
882 1146 991 1222 q'uo
1018 1166 1046 1209 ¹.
1089 1191 1101 1202 .
1140 1192 1151 1204 .
1180 1158 1223 1192 ⁵⁷
1260 1155 1364 1207 hoc
1402 1157 1549 1207 enim
1574 1156 1693 1206 iure
1717 1154 1957 1218 utimur3

205 1243 263 1286 et
313 1236 561 1286 lulianus
602 1237 832 1300 scribit,
880 1247 934 1290 et
972 1248 1055 1291 est
1092 1241 1415 1311 rescriptum
1459 1281 1470 1292 .
1511 1281 1522 1294 .
1564 1281 1576 1295 .
1617 1242 1714 1294 dos
1740 1242 1784 1275 ⁵⁸
1822 1241 1958 1290 reti-

203 1323 329 1374 neri
370 1339 481 1372 uno
519 1323 635 1375 filio
674 1326 1083 1379 interveniente
1117 1337 1343 1398 potest,
1397 1330 1444 1381 si
1482 1327 1645 1381 modo
1681 1343 1796 1380 non
1841 1327 1958 1377 cul·

203 1411 435 1478 pa...⁵⁹
489 1412 689 1481 quodsi
752 1412 897 1464 nihil
940 1417 1228 1477 convenit,
1291 1399 1628 1469 exercendae
1683 1414 1955 1466 retentio-

206 1514 305 1548 nes
345 1513 462 1550 non
490 1505 620 1550 sunt
645 1500 703 1549 ⁵0.

206 1583 251 1653 §-
300 1601 413 1637 121.
487 1585 819 1654 Papinianus
848 1587 1058 1647 lib,1V.
1078 1592 1231 1663 Resp.
1269 1590 1394 1644 Non
1422 1587 1491 1640 ab
1533 1603 1599 1641 eo
1644 1587 1801 1656 culpa
1846 1584 1959 1636 dis-

204 1671 454 1724 sociandi
494 1677 835 1728 matrimonii
867 1676 1156 1745 procedit,
1212 1681 1313 1749 qui
1369 1678 1624 1731 nuntium
1658 1672 1956 1727 divortii⁶¹

201 1762 394 1824 misit,
432 1761 529 1813 sed
568 1765 661 1829 qui
702 1761 925 1815 discidii
964 1767 1348 1817 necessitatem
1389 1764 1608 1817 inducit
1640 1761 1697 1812 ⁶2.

204 1848 250 1919 §.
297 1865 417 1900 ιη.
494 1852 647 1902 Item.
725 1850 1024 1914 Convenit,
1087 1862 1149 1903 ut
1205 1851 1439 1905 diffortio
1494 1849 1582 1904 vel
1640 1856 1813 1900 morte
1851 1848 1953 1898 viri

207 1936 393 1990 soluto
437 1939 792 1992 matrimonio
831 1978 840 1987 .
878 1976 888 1988 .
926 1975 938 1988 .

202 2101 295 2170 52)
334 2097 540 2150 Buchh.
570 2100 716 2152 Iulio
759 2101 985 2153 Iuliano
1008 2141 1021 2154 .
1045 2138 1052 2146 .
1081 2100 1306 2156 Datum.
1380 2098 1468 2168 53)
1494 2100 1579 2148 Ita
1604 2096 1868 2148 Mai-V.
1915 2097 1955 2148 d

200 2188 326 2220 cum
376 2170 526 2221 linea
564 2173 810 2227 traiecta.
905 2174 985 2220 An
1025 2167 1336 2221 dixerunt?
1463 2170 1560 2238 54)
1601 2172 1683 2217 An
1725 2165 1949 2235 repudi-

199 2259 291 2292 um
329 2243 512 2303 misit,
548 2249 646 2290 aut
682 2244 880 2312 repetit
914 2240 1092 2293 dotem
1114 2241 1142 2291 Ρ
1176 2241 1515 2289 Postremum
1557 2235 1759 2288 Buchh.
1800 2252 1951 2286 recc-

197 2314 301 2380 pit.
427 2313 517 2378 55)
559 2312 871 2379 Legendum
918 2318 1079 2378 puto:
1120 2307 1199 2361 ad
1232 2309 1524 2369 Edictum,
1567 2310 1716 2360 inter
1745 2318 1944 2358 cetera.

197 2379 501 2434 Reddenda
540 2381 637 2433 dos
673 2397 751 2435 est
791 2385 911 2445 ita,
949 2392 1024 2432 ut.
1184 2381 1272 2449 56)
1313 2381 1452 2447 Lege
1492 2379 1798 2439 convenit,
1851 2395 1948 2429 ca-

193 2450 441 2504 vendum
477 2465 592 2514 est,
631 2472 714 2505 ne.
859 2455 949 2520 57)
988 2453 1102 2501 An:
1144 2469 1254 2522 quo
1288 2451 1411 2523 filii
1451 2463 1665 2504 exstent
1681 2450 1709 2498 5’
1854 2447 1950 2513 58)

197 2524 438 2591 supple:
496 2521 734 2589 Ideoque
784 2536 837 2576 et
886 2535 1005 2573 tota
1060 2519 1176 2592 ‘²9:⁵-
1231 2524 1294 2572 cf.
1357 2523 1413 2573 L.
1458 2525 1544 2588 24.
1585 2522 1646 2570 D.
1686 2521 1755 2569 de
1802 2527 1943 2586 pact.

196 2592 311 2649 dot.
387 2592 642 2659 59)Ke11.
668 2612 781 2645 non
815 2595 981 2662 culpa
1025 2593 1219 2642 mariti
1253 2591 1559 2644 divortium
1578 2591 1807 2660 sactum
1850 2602 1947 2648 ese,

194 2664 289 2733 tio)
342 2665 633 2733 Reliquum
689 2666 922 2730 spatium
962 2663 1219 2712 versiculi
1255 2666 1523 2729 scriptura
1560 2678 1749 2714 vacare
1788 2660 1945 2711 vide-

194 2741 298 2782 tur.
340 2734 471 2785 Mai.
547 2735 890 2802 6·)SicMai.
931 2749 996 2781 ex
1035 2732 1201 2782 schol.
1240 2733 1389 2801 quod
1434 2734 1493 2783 in
1529 2748 1691 2800 marg.
1719 2732 1795 2781 ita
1826 2740 1945 2782 cst:

192 2803 320 2854 Non
360 2803 432 2854 ab
469 2819 533 2854 eo
578 2807 792 2872 culpam
829 2804 1067 2855 divortii
1114 2802 1450 2870 procedere,
1509 2805 1610 2875 qui
1661 2802 1947 2870 repudium

192 2872 383 2934 dedic,
444 2872 542 2925 sed
580 2877 681 2944 qui
716 2874 892 2925 dandi
930 2877 1308 2926 necessitatem
1358 2873 1580 2926 indixit.
1660 2874 1805 2923 Corr.
1857 2878 1947 2924 in..

192 2943 375 2996 duxit.
411 2944 539 2994 Mai.
611 2947 703 3014 62)
741 2946 867 2997 Mai.
896 2947 947 2998 h.
975 2961 1197 3016 quoque
1231 2944 1269 3003 l,
1314 2946 1506 3018 corrigi
1547 2944 1663 2995 vult
1700 2941 1941 2996 induxit.
