2352 4157
163 2147 318 2218 95.b.

167 2219 252 2290 96.
265 2217 318 2273 b.

379 408 455 467 32
878 424 881 427 ’
938 409 1034 463 ΒΕ
1067 409 1500 465 USUFRUCTU.

378 541 507 595 dem
543 543 796 612 legatarii
830 549 961 596 sunt
1001 544 1126 606 fili,
1180 553 1365 613 partes
1427 553 1556 599 sunt
1577 547 1670 599 ¹⁴⁷:
1708 545 1757 598 si
1798 563 1913 600 non
1952 558 2128 613 sunt,

376 630 497 681 sola
532 636 706 680 mater
736 629 998 699 legataria
1035 637 1151 696 est,
1191 648 1294 684 nec
1316 632 1622 685 mortalitas
1655 631 1964 688 hiberorum
1995 652 2131 707 pn-

373 722 488 767 tem
529 716 579 768 ei
623 717 775 772 facit.

374 800 419 872 ς.
454 802 612 871 8755
675 799 912 854 Sabinus
948 807 1095 855 certe
1131 803 1313 857 verbis
1346 805 1465 857 istis
1501 822 1614 857 non
1649 805 1894 858 ostendit
1929 812 2125 861 utrum

373 889 623 956 legatarii
657 888 869 941 fuerint
904 904 1007 941 neo
1047 905 1141 943 ne.
1214 892 1311 944 sed
1363 891 1701 943 Iutianus¹⁴⁸
1750 893 1850 943 lib.
1903 880 2119 952 ff'XXV.

369 975 493 1042 mg.
550 975 724 1027 relata
785 973 979 1026 Sabini
1033 976 1303 1046 scriptura
1332 976 1428 1048 ‚ait
1478 977 1902 1047 intelligendum
1953 966 2122 1043 curn,

371 1062 471 1133 qui
512 1061 657 1113 solos
695 1061 902 1113 liberos
945 1060 1178 1115 heredes
1215 1063 1441 1126 scribit,
1479 1080 1595 1115 non
1636 1073 1699 1116 ut
1717 1065 2140 1132 legatariorum,

367 1146 564 1200 fecisse
597 1149 938 1201 mentionem
967 1186 984 1212 ,
1031 1149 1128 1201 sed
1183 1158 1245 1202 ut
1305 1151 1626 1203 ostenderet
1675 1152 1844 1220 magis
1880 1160 2142 1207 matrem·

367 1235 446 1284 ita
484 1251 542 1285 se
577 1233 718 1287 velle
761 1235 901 1298 frui,
952 1240 1017 1286 ut
1069 1234 1282 1289 liberos
1317 1251 1499 1287 secum
1540 1235 1778 1290 habeat:
1833 1237 2114 1309 alioquin,

367 1321 587 1389 inquit,
646 1321 704 1372 in
749 1321 1099 1374 damnatione
1134 1324 1278 1391 ratio
1311 1337 1427 1373 non
1468 1323 1825 1390 permittebat
1860 1326 1946 1375 ins
2002 1324 2115 1378 ad-

367 1405 644 1460 erescendi
683 1448 703 1465 .
735 1408 1026 1477 proposuit
1058 1415 1243 1458 autem
1286 1407 1530 1461 Iulianus
1567 1408 1656 1460 vel.
1693 1408 1765 1460 do
1803 1409 1924 1477 sego
1957 1408 2115 1477 lega·

365 1499 482 1544 tum
521 1495 943 1554 usumfructum,
982 1494 1070 1546 vel
1106 1510 1208 1562 per
1248 1492 1686 1565 damnationem3
1724 1500 1783 1546 et
1813 1496 1893 1547 sic
1913 1497 2150 1559 sensit,.

364 1579 521 1648 quasi
561 1580 816 1649 legatarii
855 1579 963 1629 sint
1001 1586 1056 1629 et
1089 1577 1322 1630 heredes
1361 1580 1500 1640 soli,
1554 1579 1611 1629 in
1651 1578 1721 1632 do
1761 1579 1883 1648 lego
1921 1581 2112 1647 legato

361 1680 478 1716 non
513 1678 629 1716 esse
665 1663 749 1714 ius
777 1662 1157 1724 adet-escendi,
1197 1675 1361 1734 atque
1398 1664 1448 1714 si
1481 1664 1644 1717 alteri
1678 1664 1749 1714 ab
1802 1666 1986 1717 altero
2021 1666 2111 1717 le-

363 1756 553 1818 getur,
604 1751 863 1821 quoniam
909 1765 941 1800 a
977 1750 1306 1818 §semetipsis
1358 1752 1638 1803 inutiliter
1684 1750 1924 1818 legatum
1982 1758 2114 1814 est,

366 1836 476 1886 sibi
506 1851 618 1889 non
647 1843 992 1898 concurrunt,
1036 1838 1199 1887 matri
1236 1853 1368 1890 vero
1406 1852 1519 1889 non
1557 1838 1617 1889 in
1654 1844 1834 1890 totum
1871 1854 2110 1889 concur-

364 1930 531 1984 runt,
585 1921 683 1973 sed
735 1923 875 1974 alter
924 1939 1026 1991 pro
1069 1921 1296 1973 alterius
1347 1923 1604 1992 portione
1652 1923 1757 1974 ¹⁴⁹2
1826 1930 1883 1975 et
1930 1925 1988 1975 in
2032 1937 2112 1973 eo

365 2009 651 2062 dumtaxat
693 2008 778 2060 ius
826 2006 1180 2060 adcrescendi
1220 2009 1357 2073 erit;
1405 2017 1579 2061 mater
1615 2014 1801 2061 tamen
1840 2008 2108 2063 adversus
2145 2050 2150 2053 -

365 2101 662 2167 utrumque
703 2096 789 2147 ius
826 2094 1176 2147 adcrescendi
1212 2092 1397 2148 habet.
1428 2099 1440 2159 Ι

322 2120 407 2292 }§.
450 2186 534 2240 83.
609 2182 860 2236 Iulianus
892 2180 1094 2235 subicit
1130 2181 1356 2234 Sextum
1394 2198 1619 2253 quoque
1635 2186 1703 2218 ²⁸⁰
1739 2184 2112 2255 Pomponium

361 2383 495 2434 Rem
534 2379 920 2432 ordinavimus.
1110 2376 1229 2445 147)
1263 2376 1450 2427 Malim
1509 2373 1786 2426 habebunt
1821 2375 1910 2425 vel
1928 2374 2112 2447 fiunt.

369 2452 491 2518 148)
527 2450 585 2501 L.
621 2452 674 2504 8.
711 2450 800 2499 eit.
839 2452 964 2514 pos-t
997 2446 1168 2498 verba
1207 2460 1373 2514 supra
1404 2444 1857 2512 transscriptaita
1890 2448 2114 2512 pergite

362 2521 504 2574 Nam
540 2531 595 2571 et
627 2518 885 2570 Iulianus
926 2516 1021 2568 lib.
1056 2517 1236 2569 XXX.
1272 2516 1351 2568 Di
1389 2552 1401 2565 .
1438 2515 1541 2576 ais,
1598 2513 1737 2567 idem
1776 2515 2108 2583 intelligen-

363 2588 493 2642 dum
538 2589 603 2640 in
641 2605 737 2648 eo,
772 2589 876 2656 qui
908 2587 1057 2639 solos
1094 2586 1301 2638 liberos
1342 2534 1569 2639 fer-edes
1606 2584 1931 2653 scripserit.-
1967 2583 2105 2636 licet

367 2675 482 2712 non
518 2669 580 2708 ut
615 2656 923 2725 legatarios
974 2672 1066 2709 eos
1109 2656 1518 2715 nominaverit,
1556 2650 1654 2706 sed
1694 2664 1756 2703 ut
1791 2650 2110 2707 ostenderet

368 2728 543 2796 magis
581 2726 718 2779 velle
751 2741 809 2778 se
844 2737 1072 2779 matrem
1108 2727 1192 2777 ita
1219 2724 1389 2793 fiai,
1443 2736 1506 2775 ut
1541 2723 1749 2774 liberos
1783 2739 1964 2780 secum
1999 2722 2108 2774 ha-

366 2801 495 2853 beat
525 2794 794 2865 fruentes.
960 2796 1080 2863 149)
1118 2794 1266 2845 Mai:
1310 2829 1323 2843 .
1362 2830 1379 2847 .
1419 2830 1431 2842 .
1465 2788 1844 2845 ader-escendi.
1899 2789 2098 2861 Adque

418 2906 429 2917 .
472 2906 483 2917 .
521 2875 898 2925 concurrunt,
953 2866 1123 2916 matri
1162 2872 1263 2915 etc.
1351 2863 1543 2914 Keller
1579 2861 1782 2911 voluit:
1818 2899 1830 2911 .
1871 2898 1884 2911 .
1929 2898 1941 2911 .
1994 2859 2100 2913 ad-

368 2934 687 2996 crescendi,
736 2935 1001 3007 quoniam
1054 2952 1088 2985 a
1142 2944 1307 2986 semet
1357 2936 1379 2983 ι·
1415 2933 1493 2983 sis
1530 2931 1811 2983 inutiliter
1855 2931 2104 3001 legatum

369 3019 464 3059 est.
532 3010 710 3077 Atque
751 3006 803 3056 si
837 3042 848 3054 .
886 3042 896 3053 .
933 3042 945 3055 .
986 3004 1242 3073 legetur,
1309 3004 1361 3052 si
1397 3004 1418 3052 ι’
1471 3002 1565 3051 rel.
1660 2999 1795 3050 Cum
1836 3007 2102 3064 neutrum

369 3076 629 3127 idoneum
666 3073 928 3144 praebeat
961 3090 1182 3125 sensum
1204 3110 1218 3133 ‚
1253 3086 1434 3191 neffue
1467 3067 1616 3139 quod
1637 3068 1774 3119 mihi
1799 3069 1901 3136 ipsi
1918 3070 2103 3120 visum

370 3153 490 3196 erat
527 3143 816 3211 legendum
852 3159 968 3195 esse
1024 3143 1192 3214 quasi
1238 3142 1286 3192 si
1359 3140 1603 3211 egatoerii
1638 3175 1651 3187 .
1687 3176 1698 3187 .
1736 3175 1748 3187 .
1790 3155 1906 3189 non
1959 3153 2106 3192 esset

371 3216 456 3268 ius
495 3221 593 3264 etc·
620 3250 634 3272 ‚
684 3229 862 3283 neque
912 3213 1062 3284 quod
1098 3214 1193 3281 Bg.
1230 3210 1364 3263 fecit
1400 3209 1698 3279 periculum
1728 3243 1741 3268 ,
1791 3215 1852 3257 ut
1887 3205 2109 3276 legeret

475 3319 486 3331 .
545 3278 939 3345 adure-scendi,
993 3294 1159 3354 atque
1198 3318 1210 3331 .
1245 3319 1258 3331 .
1296 3318 1308 3330 .
1342 3280 1605 3350 legetur:
1676 3276 1940 3357 quoniam
1981 3315 1992 3326 .
2032 3317 2046 3328 .
2091 3318 2108 3327 -

369 3355 610 3422 legatum
647 3366 763 3406 est.-
799 3352 907 3403 sibi
943 3370 1057 3404 non
1092 3352 1189 3408 rel.
1227 3366 1338 3400 rem
1375 3348 1669 3416 expediat,
1705 3347 1814 3395 nisi
1845 3362 1969 3397 cum
2013 3348 2110 3416 Bg.

372 3422 520 3474 dicas
557 3421 822 3481 excidisse
866 3418 1110 3490 aliquid3
1147 3420 1359 3481 locum,
1397 3434 1560 3488 quem
1583 3430 1777 3468 sanare
1813 3417 2110 3478 nescimus,

372 3492 638 3545 intactum
673 3489 1099 3566 relinquendum
1149 3504 1267 3543 esse
1321 3490 1657 3561 putavimus.
1846 3487 1968 3556 150)
2039 3487 2109 3540 V.
