2352 4157
874 433 1258 490 PRAEFATIO.
1861 425 1962 477 vn

235 598 383 657 quae
412 577 748 637 cohaerent
771 624 789 654 ‚
830 577 1071 656 integra
1095 571 1411 632 habemus.
1505 566 1761 642 Octavi,
1805 564 1974 645 quod

238 674 424 769 Maius
468 731 597 770 non
637 709 779 770 satis
819 707 1045 766 idonea
1087 707 1320 764 ratione
1360 702 1748 782 quaternioni
1774 700 1975 763 xvll.

242 843 584 922 assignavit,
641 838 927 923 quodque
995 859 1134 898 cum
1182 833 1584 918 praecedente
1639 831 1713 889 ad
1758 830 1851 889 tit.
1899 830 1976 888 de

241 995 298 1032 re
315 978 547 1036 uxoria
573 972 880 1035 etdotibus
909 969 1203 1054 pertinet,
1236 969 1391 1029 duae
1414 976 1978 1049 partessupersunt3

239 1106 443 1183 tertia,
493 1109 556 1166 in
601 1129 722 1189 qua
769 1109 1005 1190 signum
1027 1103 1445 1186 quaternionis
1471 1099 1652 1160 fuisse
1681 1097 1978 1179 suspicor,

242 1239 488 1301 abscissa
539 1251 653 1301 est.
745 1237 934 1300 Plura
981 1248 1222 1299 servata
1269 1243 1413 1296 sunt
1456 1254 1525 1293 ex
1569 1230 1978 1315 quaternione

242 1367 498 1438 xxvll.
545 1375 670 1448 (tit.
712 1373 789 1432 de
838 1373 1281 1443 excusatione).
1391 1356 1789 1427 Desideratur
1841 1371 1979 1421 tan-

248 1516 364 1565 tum
410 1506 629 1568 folium
687 1508 955 1567 tertium.
1056 1503 1277 1579 Quarti
1316 1498 1443 1560 folii
1483 1512 1607 1557 non
1649 1497 1763 1555 nisi
1806 1496 1984 1554 tertia

247 1661 381 1718 pars
430 1650 742 1722 superest,
789 1639 935 1699 sexti
971 1656 1115 1718 pars
1156 1634 1335 1696 tertia
1382 1632 1632 1697 interiit.
1720 1630 1984 1706 Quater-

246 1773 342 1832 ni‘o
383 1768 721 1840 XXVIIII.
772 1773 888 1846 (tit.
931 1771 1182 1854 quando
1227 1769 1491 1828 donator·
1528 1766 1633 1828 rel.
1680 1765 1844 1826 etde
1871 1760 1984 1823 do-

247 1905 588 1966 nationibus
630 1904 767 1981 rel.)
812 1903 944 1964 fere
986 1904 1222 1984 integer
1262 1915 1536 1964 servatus
1590 1911 1696 1961 est.
1783 1894 1990 1958 Folio-

249 2060 379 2099 rum
426 2050 635 2100 tamen
681 2036 932 2098 secundi
972 2046 1036 2099 et
1065 2040 1208 2098 sexti
1250 2040 1405 2097 dune
1427 2045 1631 2117 partes
1654 2033 1984 2115 perierunt.

248 2173 691 2255 Fragmentum
764 2172 1028 2254 denique
1092 2173 1252 2231 tituli
1317 2173 1393 2231 de
1465 2167 1875 2250 cognitoribus
1932 2177 1990 2225 et

240 2306 739 2384 procuratoribus
795 2308 869 2365 ad
923 2305 1148 2365 calcem
1206 2303 1524 2363 collocavit
1573 2301 1805 2372 MaiuS,
1850 2300 1993 2376 quia

252 2436 420 2500 nullo
469 2441 719 2501 numeri
761 2442 936 2522 signo
988 2450 1161 2499 certo
1208 2438 1342 2497 loco
1366 2407 1720 2518 assignatur.
1808 2430 1997 2490 Eam-

251 2569 385 2633 dem
433 2570 522 2632 ob
573 2589 816 2631 causam
857 2570 1061 2633 medio
1100 2571 1390 2632 fasciculo
1449 2571 1556 2629 has
1611 2564 1997 2626 membranas

250 2702 570 2763 vindicare
631 2723 756 2763 non
814 2702 1070 2777 dubim,
1149 2707 1233 2763 ita
1299 2714 1549 2775 tamen,
1616 2712 1686 2758 ut
1730 2698 1852 2757 duo
1894 2703 2000 2753 aut
2081 2759 2085 2763 Α

150 2899 153 2902 Α
255 2845 558 2915 quattuor
607 2834 750 2896 folia
799 2840 959 2897 inter
1005 2858 1102 2897 eas
1151 2837 1438 2898 excidisse
1480 2844 1708 2918 putem.

419 2970 761 3051 Antiquior
803 2972 1097 3051 scriptura
1122 3015 1142 3047 ,
1179 2970 1456 3053 quamvis
1484 2966 1694 3029 abluta
1723 2963 1997 3022 versicu-

252 3103 450 3184 lisque
478 3103 835 3163 recentioris
876 3106 1221 3184 scripturae
1250 3099 1729 3185 superimpositis
1757 3111 2002 3173 cooper-

252 3246 309 3293 ta
341 3281 360 3312 ‚
411 3237 614 3295 omnis
640 3236 766 3297 fere
799 3236 912 3319 legi
956 3240 1174 3319 potuit.
1217 3234 1515 3319 Singulae
1559 3236 1817 3317 paginae
1858 3247 2002 3287 ver-

251 3390 351 3428 sus
393 3368 642 3448 triginta
678 3368 830 3429 duos
853 3392 1077 3452 eosque
1099 3353 1462 3453 praelongos
1484 3369 2004 3454 complectuntur.

255 3501 535 3561 Litteras
564 3521 797 3579 versus,
827 3523 976 3583 quos
1004 3512 1149 3584 post
1175 3503 1471 3564 editorem
1490 3505 1832 3566 Romanum
1861 3522 2000 3587 spe-
