2352 4157
813 415 905 492 ξιτ
952 416 1295 476 VENm'ro.
1892 417 1933 477 9

200 557 319 608 istas
356 554 638 625 argutiasaa
671 553 791 625 lege
828 555 1205 626 prohibemus,
1243 554 1639 608 constitutione
1676 556 1929 610 excludi·-

199 659 300 697 mus
316 643 384 696 ³⁹:
435 649 494 695 et
527 642 735 697 idcirco
778 644 959 696 iustae
999 643 1383 713 providentiae
1422 642 1673 695 consulta
1711 643 1929 698 delibe-

199 730 395 783 ratione
427 730 699 782 sancimus
721 768 737 794 ,
773 737 837 781 ut
874 732 1100 783 omnino
1141 731 1238 801 qui
1257 731 1305 767 40
1341 735 1607 800 conparat
1654 729 1735 781 rei
1798 746 1929 784 con·

197 825 402 887 paratae
452 818 540 869 ius
602 823 892 886 cognoscat
947 826 1006 870 et
1064 834 1291 870 censum
1345 819 1393 853 ⁴²
1424 854 1440 881 ‚
1509 834 1693 888 neque
1758 818 1925 872 liceat

199 904 351 959 alicui
392 921 506 958 rem
545 905 666 958 sine
717 921 881 958 censu
904 906 952 942 ²²²
1005 921 1308 975 conparare
1350 904 1439 955 vel
1486 905 1741 958 vendere.
1814 906 1927 976 In-1

197 992 387 1060 spectio
448 998 635 1045 autem
709 992 934 1062 publica
975 995 1026 1028 ⁴³
1084 993 1175 1047 vel
1252 992 1453 1044 fiscalis
1518 1007 1640 1044 esse
1706 990 1939 1045 debebit
1974 989 2053 1042 58.
2082 1006 2125 1040 a.

198 1076 290 1129 hac
349 1079 465 1148 lege
496 1115 531 1143 ,ff
575 1085 641 1130 ut
703 1079 752 1129 si
823 1079 1039 1150 aliquid
1093 1080 1215 1131 sine
1290 1094 1455 1130 censu
1518 1079 1760 1132 venierit
1790 1119 1805 1144 ‚
1876 1090 1935 1134 et

198 1171 309 1234 post
341 1164 408 1217 ab
443 1167 634 1236 aliquo
680 1164 988 1219 deferretur
1006 1167 1082 1233 ⁴⁴3,
1130 1165 1389 1219 venditor
1438 1167 1662 1238 quidem
1717 1182 1936 1236 posses-

200 1253 409 1316 sionem,
459 1260 785 1323 conparatur
828 1270 958 1307 vero
995 1253 1055 1304 id
1101 1253 1253 1324 quod
1297 1251 1453 1306 dedit
1488 1255 1758 1324 pretium,
1801 1255 1932 1307 fisco

200 1339 493 1392 vindicante
528 1339 795 1410 deperdat
813 1340 875 1390 ⁴⁵.
951 1338 1012 1390 ld
1044 1341 1221 1393 'etiam
1258 1341 1511 1392 volumus
1553 1341 1824 1394 omnibus
1846 1343 1936 1394 in·

201 1426 363 1478 timari
397 1434 624 1479 nostrae
671 1425 999 1478 clementiae
1038 1427 1313 1494 placuisse
1328 1427 1376 1463 ¹²⁵
1414 1429 1693 1479 neminem
1730 1427 1936 1480 debere

198 1513 257 1564 ad
289 1514 664 1566 venditionem
710 1515 792 1565 rei
845 1511 1146 1565 cuiuslibet
1181 1513 1459 1566 adfectare
1496 1523 1553 1567 et
1571 1515 1619 1551 ⁴⁷
1676 1513 1937 1566 accedere

197 1600 294 1653 nisi
334 1615 394 1653 eo
435 1608 717 1670 tempore,
755 1615 866 1671 quo
890 1601 942 1636 ⁴⁸
975 1588 1122 1652 in‘ter
1157 1598 1505 1654 venditorem
1542 1607 1599 1653 et
1635 1608 1938 1671 emptorem

200 1694 490 1741 contractus
537 1686 879 1746 sollemniter
915 1686 1241 1757 explicatur,
1280 1694 1426 1740 certa
1466 1695 1522 1740 et
1553 1705 1684 1744 vera
1718 1690 1939 1757 propri-

202 1781 302 1827 etas
341 1775 541 1826 vicinis
581 1772 964 1842 praesentibus
980 1774 1029 1810 4⁹
1062 1775 1497 1841 demonstretur3
1537 1791 1713 1847 usque
1748 1792 1814 1828 eo
1852 1775 1939 1826 le·

199 1861 267 1928 gis
312 1862 471 1913 istius
525 1861 784 1912 cautione
853 1867 1107 1913 currente
1143 1863 1220 1924 ⁵0,
1278 1869 1343 1912 ut
1396 1862 1612 1914 etiamsi
1673 1862 1941 1915 subsellia

196 1946 303 2011 rel,
342 1956 406 2000 nt
433 1948 604 2018 vulgo
643 1948 834 2011 aiunt,
894 1964 1114 2000 scamna
1167 1946 1515 2014 vendantur,
1565 1948 1941 2003 ostendendae

196 2036 538 2105 proprietatis
572 2034 829 2104 probatio
896 2035 1225 2107 conpleatur
1258 2038 1315 2086 ⁵¹.
1400 2036 1543 2089 Hinc
1580 2039 1787 2090 etenim
1827 2039 1945 2091 iur-

191 2122 268 2190 gia
293 2124 458 2177 multa
495 2130 816 2187 nascuntur,
882 2122 1012 2176 hinc
1040 2123 1401 2194 proprietatis
1427 2124 1548 2175 iura
1583 2132 1945 2187 temerantur,

192 2206 309 2261 hinc
350 2210 611 2263 dominiis
681 2211 1067 2263 vetustissimis
1115 2211 1371 2263 molestia
1408 2220 1770 2279 conparatur,
1823 2230 1947 2264 cum

194 2298 438 2349 caecitate
462 2312 856 2368 praepropera,
911 2306 968 2350 et
1003 2299 1083 2349 rei
1121 2297 1488 2367 inquisitione
1515 2298 1781 2365 neglecta,
1820 2299 1947 2351 luce

201 2384 431 2437 veritatis
471 2385 693 2447 omissa,
729 2400 832 2438 nec
865 2384 1240 2455 perpetuitate
1282 2387 1520 2453 cogitata
1563 2384 1816 2446 dominii,
1853 2386 1950 2436 iu-

194 2471 259 2523 ris
292 2474 505 2526 ratione
543 2473 884 2542 postposita,
937 2471 1006 2525 ad
1044 2473 1126 2525 rei
1165 2474 1623 2542 conparationem
1662 2470 1951 2533 accedunt,

787 2580 894 2591 n—

201 2623 281 2688 38)
314 2624 374 2674 V.
416 2624 718 2694 argutitas.
862 2624 954 2695 39)
995 2624 1079 2677 lta
1113 2626 1247 2677 Mai.
1285 2642 1440 2696 prop.
1462 2626 1610 2678 -V.
1646 2643 1743 2679 sex
1780 2622 1944 2676 ludis.

202 2690 285 2761 40)
328 2695 514 2747 Priora
552 2694 611 2751 L.
651 2711 699 2748 α.
736 2691 846 2743 Th.
870 2694 925 2744 C.
968 2698 1058 2746 cit.
1103 2694 1291 2758 verba,
1332 2712 1471 2766 quae
1515 2702 1571 2747 et
1608 2696 1947 2746 lastinianus

204 2760 321 2830 Legi
378 2781 426 2817 2.
489 2764 548 2814 C.
607 2763 648 2817 I.
709 2765 830 2814 sine
884 2780 1048 2816 censu
1095 2767 1184 2817 vel
1235 2765 1334 2819 rel.
1393 2765 1547 2819 fund.
1602 2780 1778 2834 comp.
1831 2781 1948 2818 non

199 2847 349 2898 posse
397 2836 479 2903 (4,
520 2834 626 2905 47.)
682 2833 741 2884 in
797 2834 904 2885 fine
959 2835 1181 2893 adiecit,
1377 2836 1470 2904 4¹)
1524 2834 1633 2893 Th.
1690 2837 1746 2886 C.
1805 2853 1947 2887 cen-

172 2907 307 2953 sum
342 2907 428 2959 rei
467 2915 829 2974 comparatae
871 2918 1188 2975 cognoscat.
1379 2908 1467 2975 42)
1508 2905 1613 2962 Th.
1657 2905 1711 2956 C.
1753 2906 1951 2958 inserit

197 2972 300 3025 vel.
519 2974 612 3043 43)
667 2973 749 3023 Ita
789 2972 894 3027 Th.
937 2977 1031 3038 C.;
1087 2976 1149 3026 V.
1202 2975 1478 3047 publicae.
1551 2975 1680 3027 Mai.
1709 2975 1951 3045 publi-ce.

205 3042 287 3110 44)
323 3042 431 3095 Th.
469 3042 530 3101 C.
556 3057 610 3098 et
636 3042 708 3104 &id
743 3044 812 3095 ab
856 3045 1051 3118 aliquo
1090 3044 1393 3119 deferetur.
1464 3047 1557 3115 45)
1595 3043 1699 3097 Th.
1741 3046 1795 3097 C.
1825 3059 1962 3117 'per-

201 3110 307 3165 dat.
455 3114 550 3185 46)
589 3114 691 3167 Th.
749 3113 806 3164 C.
849 3112 914 3166 id
947 3117 1114 3171 etiam
1149 3117 1385 3187 placuit.
1545 3117 1637 3185 47)
1673 3114 1961 3185 adfectare

201 3195 250 3236 et
282 3181 394 3235 Th.
438 3184 497 3235 C.
537 3200 652 3236 non
708 3181 893 3237 habet.
1116 3188 1206 3255 48)
1267 3188 1347 3238 Ita
1388 3184 1494 3240 Th.
1534 3188 1629 3247 C..
1666 3185 1729 3237 V.
1780 3205 1957 3259 quom.

202 3253 291 3322 49)
323 3253 429 3307 Th.
475 3253 530 3305 C.
573 3273 609 3307 a
650 3254 879 3307 vicinis.
1029 3257 1119 3327 50)
1159 3256 1263 3308 Th.
1307 3258 1368 3313 C.
1408 3254 1753 3311 decurrente.
1789 3321 1794 3325 -
1865 3258 1956 3329 51)

199 3319 293 3380 Ita,
339 3323 451 3381 Th.
511 3324 606 3392 C.;
652 3325 724 3376 V.
783 3324 1079 3394 conpletur
1152 3333 1209 3376 et
1276 3342 1405 3377 mox
1449 3342 1737 3395 perperam
1792 3324 1956 3381 hunc.

200 3390 501 3465 Sequentia
546 3396 606 3445 in
649 3396 755 3446 Th.
801 3393 864 3445 C.
902 3397 962 3445 iu
1012 3396 1156 3447 hanc
1195 3397 1421 3448 formam
1473 3404 1749 3448 contracta
1800 3406 1959 3450 sunt:

200 3460 306 3516 Nec
334 3465 489 3516 inter
507 3476 803 3535 emptorem
826 3474 879 3516 et
903 3465 1250 3519 venditorem
1278 3467 1569 3521 sollemnia
1588 3469 1648 3518 in
1665 3468 1961 3538 exquisitis

201 3535 475 3588 cuniculis
513 3535 900 3597 celebrentur,
957 3536 1056 3590 sed
1074 3536 1456 3610 fraudulenta
1506 3535 1760 3591 venditio
1797 3541 1960 3608 peni—
