<?xml version="1.0" encoding="UTF-8"?>
<!DOCTYPE html PUBLIC "-//W3C//DTD XHTML 1.0 Transitional//EN"
    "http://www.w3.org/TR/xhtml1/DTD/xhtml1-transitional.dtd">
<html xmlns="http://www.w3.org/1999/xhtml" xml:lang="en" lang="en">
 <head>
  <title>
</title>
<meta http-equiv="Content-Type" content="text/html;charset=utf-8" />
  <meta name='ocr-system' content='tesseract 3.04.00' />
  <meta name='ocr-capabilities' content='ocr_page ocr_carea ocr_par ocr_line ocrx_word'/>
</head>
<body>
  <div class='ocr_page' id='page_1' title='image "./locorumexiurero00vatigoog/locorumexiurero00vatigoog_0075.png"; bbox 0 0 2352 4157; ppageno 0'>
   <div class='ocr_carea' id='block_1_1' title="bbox 657 399 1858 464">
    <p class='ocr_par' dir='ltr' id='par_1_1' title="bbox 657 399 1858 464">
     <span class='ocr_line' id='line_1_1' title="bbox 657 399 1858 464; baseline 0.004 -12"><span class='ocrx_word' id='word_1_1' title='bbox 657 399 753 454; x_wconf 66' lang='lat' dir='ltr'><strong>DE</strong></span> <span class='ocrx_word' id='word_1_2' title='bbox 786 400 1297 457; x_wconf 76' lang='lat' dir='ltr'><strong>ExcUSATloNE.</strong></span> <span class='ocrx_word' id='word_1_3' title='bbox 1786 403 1858 464; x_wconf 56' lang='lat'><strong>25</strong></span> 
     </span>
    </p>
   </div>
   <div class='ocr_carea' id='block_1_2' title="bbox 115 530 1894 2837">
    <p class='ocr_par' dir='ltr' id='par_1_2' title="bbox 131 530 1894 761">
     <span class='ocr_line' id='line_1_2' title="bbox 134 530 1860 609; baseline 0.001 -25"><span class='ocrx_word' id='word_1_4' title='bbox 134 530 174 600; x_wconf 80' lang='lat'><strong>§-</strong></span> <span class='ocrx_word' id='word_1_5' title='bbox 215 549 325 601; x_wconf 77' lang='lat'><strong>¹²9·</strong></span> <span class='ocrx_word' id='word_1_6' title='bbox 396 531 552 586; x_wconf 77' lang='lat' dir='ltr'><strong>Item.</strong></span> <span class='ocrx_word' id='word_1_7' title='bbox 628 536 908 590; x_wconf 74' lang='lat' dir='ltr'><strong>valetudo</strong></span> <span class='ocrx_word' id='word_1_8' title='bbox 945 554 1170 609; x_wconf 76' lang='lat' dir='ltr'><strong>quoque</strong></span> <span class='ocrx_word' id='word_1_9' title='bbox 1194 539 1333 591; x_wconf 76' lang='lat' dir='ltr'><strong>mala</strong></span> <span class='ocrx_word' id='word_1_10' title='bbox 1359 543 1601 607; x_wconf 79' lang='lat' dir='ltr'><strong>praestat</strong></span> <span class='ocrx_word' id='word_1_11' title='bbox 1619 537 1860 590; x_wconf 81' lang='lat' dir='ltr'><strong>vacatio-</strong></span> 
     </span>
     <span class='ocr_line' id='line_1_3' title="bbox 134 618 1894 696; baseline 0.002 -27"><span class='ocrx_word' id='word_1_12' title='bbox 134 634 251 669; x_wconf 87' lang='lat' dir='ltr'><strong>nem</strong></span> <span class='ocrx_word' id='word_1_13' title='bbox 275 655 290 681; x_wconf 92' lang='lat'>‚</span> <span class='ocrx_word' id='word_1_14' title='bbox 335 618 378 671; x_wconf 86' lang='lat' dir='ltr'><strong>si</strong></span> <span class='ocrx_word' id='word_1_15' title='bbox 415 621 545 673; x_wconf 70' lang='lat' dir='ltr'><strong>talis</strong></span> <span class='ocrx_word' id='word_1_16' title='bbox 582 623 684 685; x_wconf 86' lang='lat' dir='ltr'><strong>sit,</strong></span> <span class='ocrx_word' id='word_1_17' title='bbox 747 631 810 674; x_wconf 86' lang='lat' dir='ltr'><strong>ut</strong></span> <span class='ocrx_word' id='word_1_18' title='bbox 847 622 1106 675; x_wconf 84' lang='lat' dir='ltr'><strong>ostendat</strong></span> <span class='ocrx_word' id='word_1_19' title='bbox 1154 642 1281 676; x_wconf 88' lang='lat' dir='ltr'><strong>eum</strong></span> <span class='ocrx_word' id='word_1_20' title='bbox 1317 641 1388 675; x_wconf 88' lang='lat' dir='ltr'><strong>ne</strong></span> <span class='ocrx_word' id='word_1_21' title='bbox 1427 625 1651 696; x_wconf 85' lang='lat' dir='ltr'><strong>quidem</strong></span> <span class='ocrx_word' id='word_1_22' title='bbox 1693 624 1856 676; x_wconf 87' lang='lat' dir='ltr'><strong>rebus</strong></span> <span class='ocrx_word' id='word_1_23' title='bbox 1891 644 1894 645; x_wconf 39' lang='lat'><em>⁷</em></span> 
     </span>
     <span class='ocr_line' id='line_1_4' title="bbox 131 705 1200 761; baseline 0.007 -7"><span class='ocrx_word' id='word_1_24' title='bbox 131 706 237 755; x_wconf 77' lang='lat' dir='ltr'><strong>suis</strong></span> <span class='ocrx_word' id='word_1_25' title='bbox 273 705 726 761; x_wconf 79' lang='lat' dir='ltr'><strong>administrandis</strong></span> <span class='ocrx_word' id='word_1_26' title='bbox 762 707 1028 760; x_wconf 77' lang='lat' dir='ltr'><strong>idoneum</strong></span> <span class='ocrx_word' id='word_1_27' title='bbox 1065 724 1200 761; x_wconf 84' lang='lat' dir='ltr'><strong>esse.</strong></span> 
     </span>
    </p>

    <p class='ocr_par' dir='ltr' id='par_1_3' title="bbox 124 789 1860 1465">
     <span class='ocr_line' id='line_1_5' title="bbox 132 789 1857 866; baseline 0.001 -20"><span class='ocrx_word' id='word_1_28' title='bbox 132 789 172 860; x_wconf 83' lang='lat'><strong>§.</strong></span> <span class='ocrx_word' id='word_1_29' title='bbox 219 793 324 844; x_wconf 91' lang='grc' dir='ltr'><strong>13ο.</strong></span> <span class='ocrx_word' id='word_1_30' title='bbox 395 794 560 846; x_wconf 80' lang='lat' dir='ltr'><strong>Item.</strong></span> <span class='ocrx_word' id='word_1_31' title='bbox 652 794 935 866; x_wconf 81' lang='lat' dir='ltr'>Siquando</span> <span class='ocrx_word' id='word_1_32' title='bbox 987 805 1171 850; x_wconf 85' lang='lat' dir='ltr'><strong>autem</strong></span> <span class='ocrx_word' id='word_1_33' title='bbox 1230 797 1549 850; x_wconf 78' lang='lat' dir='ltr'><strong>huiusmodi</strong></span> <span class='ocrx_word' id='word_1_34' title='bbox 1598 795 1857 850; x_wconf 81' lang='lat' dir='ltr'><strong>valetudo</strong></span> 
     </span>
     <span class='ocr_line' id='line_1_6' title="bbox 135 877 1860 950; baseline 0.002 -22"><span class='ocrx_word' id='word_1_35' title='bbox 135 877 442 931; x_wconf 80' lang='lat' dir='ltr'><strong>adfirmetur</strong></span> <span class='ocrx_word' id='word_1_36' title='bbox 482 918 499 944; x_wconf 88' lang='lat'><strong><em>,</em></strong></span> <span class='ocrx_word' id='word_1_37' title='bbox 549 881 822 948; x_wconf 74' lang='lat' dir='ltr'><strong>inspectio</strong></span> <span class='ocrx_word' id='word_1_38' title='bbox 874 884 1144 950; x_wconf 83' lang='lat' dir='ltr'><strong>praetoris</strong></span> <span class='ocrx_word' id='word_1_39' title='bbox 1193 887 1495 937; x_wconf 79' lang='lat' dir='ltr'><strong>necessaria</strong></span> <span class='ocrx_word' id='word_1_40' title='bbox 1552 892 1650 937; x_wconf 84' lang='lat' dir='ltr'><strong>est.</strong></span> <span class='ocrx_word' id='word_1_41' title='bbox 1735 883 1860 937; x_wconf 83' lang='lat' dir='ltr'><strong>Sive</strong></span> 
     </span>
     <span class='ocr_line' id='line_1_7' title="bbox 136 968 1859 1040; baseline 0.004 -24"><span class='ocrx_word' id='word_1_42' title='bbox 136 972 309 1016; x_wconf 78' lang='lat' dir='ltr'><strong>autem</strong></span> <span class='ocrx_word' id='word_1_43' title='bbox 349 968 475 1035; x_wconf 89' lang='lat' dir='ltr'><strong>quis</strong></span> <span class='ocrx_word' id='word_1_44' title='bbox 515 969 835 1022; x_wconf 73' lang='lat' dir='ltr'><strong>arthriticus</strong></span> <span class='ocrx_word' id='word_1_45' title='bbox 869 970 893 1003; x_wconf 68' lang='grc' dir='ltr'><strong>Β</strong></span> <span class='ocrx_word' id='word_1_46' title='bbox 923 970 1033 1031; x_wconf 81' lang='lat' dir='ltr'><strong>sit,</strong></span> <span class='ocrx_word' id='word_1_47' title='bbox 1097 972 1214 1023; x_wconf 82' lang='lat' dir='ltr'><strong>sive</strong></span> <span class='ocrx_word' id='word_1_48' title='bbox 1249 972 1508 1040; x_wconf 75' lang='lat' dir='ltr'><strong>posicus⁹</strong></span> <span class='ocrx_word' id='word_1_49' title='bbox 1530 1009 1544 1033; x_wconf 89' lang='lat'><strong>,</strong></span> <span class='ocrx_word' id='word_1_50' title='bbox 1581 973 1694 1021; x_wconf 80' lang='lat' dir='ltr'><strong>sive</strong></span> <span class='ocrx_word' id='word_1_51' title='bbox 1735 972 1859 1040; x_wconf 88' lang='lat' dir='ltr'><strong>epi·-</strong></span> 
     </span>
     <span class='ocr_line' id='line_1_8' title="bbox 131 1050 1787 1122; baseline 0.005 -21"><span class='ocrx_word' id='word_1_52' title='bbox 131 1050 409 1122; x_wconf 76' lang='lat' dir='ltr'><strong>lempticus</strong></span> <span class='ocrx_word' id='word_1_53' title='bbox 435 1058 480 1088; x_wconf 88' lang='lat'><strong>¹⁰</strong></span> <span class='ocrx_word' id='word_1_54' title='bbox 503 1093 518 1118; x_wconf 91' lang='lat'>‚</span> <span class='ocrx_word' id='word_1_55' title='bbox 554 1057 670 1107; x_wconf 82' lang='lat' dir='ltr'><strong>sive</strong></span> <span class='ocrx_word' id='word_1_56' title='bbox 710 1055 876 1107; x_wconf 83' lang='lat' dir='ltr'><strong>orbus</strong></span> <span class='ocrx_word' id='word_1_57' title='bbox 905 1094 920 1119; x_wconf 91' lang='lat'>,</span> <span class='ocrx_word' id='word_1_58' title='bbox 958 1063 1013 1108; x_wconf 89' lang='lat' dir='ltr'><strong>et</strong></span> <span class='ocrx_word' id='word_1_59' title='bbox 1047 1055 1133 1108; x_wconf 84' lang='lat' dir='ltr'><strong>his</strong></span> <span class='ocrx_word' id='word_1_60' title='bbox 1169 1058 1406 1121; x_wconf 76' lang='lat' dir='ltr'><strong>similia,</strong></span> <span class='ocrx_word' id='word_1_61' title='bbox 1440 1063 1787 1111; x_wconf 80' lang='lat' dir='ltr'><strong>excusantur.</strong></span> 
     </span>
     <span class='ocr_line' id='line_1_9' title="bbox 124 1138 1860 1215; baseline 0.002 -25"><span class='ocrx_word' id='word_1_62' title='bbox 124 1138 167 1209; x_wconf 71' lang='lat'><strong>§-</strong></span> <span class='ocrx_word' id='word_1_63' title='bbox 208 1141 319 1192; x_wconf 89' lang='grc'><strong>131.</strong></span> <span class='ocrx_word' id='word_1_64' title='bbox 392 1142 552 1194; x_wconf 83' lang='lat' dir='ltr'><strong>Item.</strong></span> <span class='ocrx_word' id='word_1_65' title='bbox 625 1140 807 1212; x_wconf 75' lang='lat' dir='ltr'><strong>Verba</strong></span> <span class='ocrx_word' id='word_1_66' title='bbox 845 1143 1135 1210; x_wconf 78' lang='lat' dir='ltr'><strong>rescripti:</strong></span> <span class='ocrx_word' id='word_1_67' title='bbox 1172 1143 1430 1196; x_wconf 80' lang='lat' dir='ltr'><strong>Libertus</strong></span> <span class='ocrx_word' id='word_1_68' title='bbox 1454 1181 1468 1205; x_wconf 91' lang='lat'>,</span> <span class='ocrx_word' id='word_1_69' title='bbox 1504 1146 1599 1215; x_wconf 89' lang='lat' dir='ltr'><strong>qui</strong></span> <span class='ocrx_word' id='word_1_70' title='bbox 1635 1143 1860 1213; x_wconf 82' lang='lat' dir='ltr'><strong>negotia</strong></span> 
     </span>
     <span class='ocr_line' id='line_1_10' title="bbox 129 1227 1857 1300; baseline 0.004 -24"><span class='ocrx_word' id='word_1_71' title='bbox 129 1227 384 1279; x_wconf 80' lang='lat' dir='ltr'><strong>senatoris</strong></span> <span class='ocrx_word' id='word_1_72' title='bbox 428 1227 624 1300; x_wconf 82' lang='lat' dir='ltr'><strong>populi</strong></span> <span class='ocrx_word' id='word_1_73' title='bbox 664 1227 891 1278; x_wconf 83' lang='lat' dir='ltr'><strong>Romani</strong></span> <span class='ocrx_word' id='word_1_74' title='bbox 931 1233 1114 1289; x_wconf 83' lang='lat' dir='ltr'><strong>curat,</strong></span> <span class='ocrx_word' id='word_1_75' title='bbox 1145 1231 1189 1260; x_wconf 85' lang='lat'><strong>¹¹</strong></span> <span class='ocrx_word' id='word_1_76' title='bbox 1247 1244 1276 1277; x_wconf 84' lang='lat' dir='ltr'><strong>a</strong></span> <span class='ocrx_word' id='word_1_77' title='bbox 1314 1230 1488 1281; x_wconf 72' lang='lat' dir='ltr'><strong>tutela</strong></span> <span class='ocrx_word' id='word_1_78' title='bbox 1540 1237 1857 1295; x_wconf 64' lang='lat' dir='ltr'><strong>excusatur-3</strong></span> 
     </span>
     <span class='ocr_line' id='line_1_11' title="bbox 126 1311 1857 1387; baseline 0.003 -26"><span class='ocrx_word' id='word_1_79' title='bbox 126 1328 155 1361; x_wconf 76' lang='lat' dir='ltr'><strong>a</strong></span> <span class='ocrx_word' id='word_1_80' title='bbox 187 1311 514 1365; x_wconf 77' lang='lat' dir='ltr'><strong>muneribus</strong></span> <span class='ocrx_word' id='word_1_81' title='bbox 550 1322 731 1365; x_wconf 83' lang='lat' dir='ltr'><strong>autem</strong></span> <span class='ocrx_word' id='word_1_82' title='bbox 770 1314 1065 1375; x_wconf 85' lang='lat' dir='ltr'><strong>civilibus,</strong></span> <span class='ocrx_word' id='word_1_83' title='bbox 1106 1327 1241 1365; x_wconf 45' lang='lat' dir='ltr'><strong>‘cum</strong></span> <span class='ocrx_word' id='word_1_84' title='bbox 1279 1317 1399 1384; x_wconf 85' lang='lat' dir='ltr'><strong>ipse</strong></span> <span class='ocrx_word' id='word_1_85' title='bbox 1437 1331 1657 1387; x_wconf 84' lang='lat' dir='ltr'><strong>quoque</strong></span> <span class='ocrx_word' id='word_1_86' title='bbox 1695 1315 1857 1368; x_wconf 84' lang='lat' dir='ltr'><strong>bonis</strong></span> 
     </span>
     <span class='ocr_line' id='line_1_12' title="bbox 126 1399 997 1465; baseline 0.001 -17"><span class='ocrx_word' id='word_1_87' title='bbox 126 1399 354 1465; x_wconf 78' lang='lat' dir='ltr'><strong>publicis</strong></span> <span class='ocrx_word' id='word_1_88' title='bbox 389 1399 639 1462; x_wconf 75' lang='lat' dir='ltr'><strong>fruatur,</strong></span> <span class='ocrx_word' id='word_1_89' title='bbox 677 1415 789 1450; x_wconf 88' lang='lat' dir='ltr'><strong>non</strong></span> <span class='ocrx_word' id='word_1_90' title='bbox 826 1408 997 1453; x_wconf 82' lang='lat' dir='ltr'><strong>vacat.</strong></span> 
     </span>
    </p>

    <p class='ocr_par' dir='ltr' id='par_1_4' title="bbox 120 1476 1860 1812">
     <span class='ocr_line' id='line_1_13' title="bbox 127 1476 1860 1556; baseline 0.002 -23"><span class='ocrx_word' id='word_1_91' title='bbox 127 1485 162 1554; x_wconf 82' lang='lat'><strong>5.</strong></span> <span class='ocrx_word' id='word_1_92' title='bbox 200 1488 312 1539; x_wconf 67' lang='lat'><strong>132.</strong></span> <span class='ocrx_word' id='word_1_93' title='bbox 386 1487 553 1543; x_wconf 78' lang='lat' dir='ltr'><strong>Item.</strong></span> <span class='ocrx_word' id='word_1_94' title='bbox 626 1483 720 1540; x_wconf 86' lang='lat' dir='ltr'><strong>Sic</strong></span> <span class='ocrx_word' id='word_1_95' title='bbox 752 1493 939 1537; x_wconf 82' lang='lat' dir='ltr'><strong>autem</strong></span> <span class='ocrx_word' id='word_1_96' title='bbox 981 1486 1418 1556; x_wconf 83' lang='lat' dir='ltr'><strong>interpretantur</strong></span> <span class='ocrx_word' id='word_1_97' title='bbox 1443 1476 1740 1554; x_wconf 76' lang='lat' dir='ltr'><strong>prudentes</strong></span> <span class='ocrx_word' id='word_1_98' title='bbox 1761 1485 1860 1536; x_wconf 83' lang='lat' dir='ltr'><strong>has</strong></span> 
     </span>
     <span class='ocr_line' id='line_1_14' title="bbox 120 1561 1857 1642; baseline 0.002 -22"><span class='ocrx_word' id='word_1_99' title='bbox 120 1573 579 1635; x_wconf 77' lang='lat' dir='ltr'><strong>constitutiones,</strong></span> <span class='ocrx_word' id='word_1_100' title='bbox 617 1580 679 1623; x_wconf 86' lang='lat' dir='ltr'><strong>ut</strong></span> <span class='ocrx_word' id='word_1_101' title='bbox 717 1561 885 1624; x_wconf 59' lang='lat' dir='ltr'><strong>u&#39;num</strong></span> <span class='ocrx_word' id='word_1_102' title='bbox 921 1571 1184 1626; x_wconf 84' lang='lat' dir='ltr'><strong>libertum</strong></span> <span class='ocrx_word' id='word_1_103' title='bbox 1210 1578 1614 1641; x_wconf 83' lang='lat' dir='ltr'><strong>procuratorem</strong></span> <span class='ocrx_word' id='word_1_104' title='bbox 1636 1572 1695 1623; x_wconf 87' lang='lat' dir='ltr'><strong>in</strong></span> <span class='ocrx_word' id='word_1_105' title='bbox 1717 1590 1857 1642; x_wconf 87' lang='lat' dir='ltr'><strong>qua·</strong></span> 
     </span>
     <span class='ocr_line' id='line_1_15' title="bbox 125 1658 1858 1731; baseline 0.001 -23"><span class='ocrx_word' id='word_1_106' title='bbox 125 1673 224 1726; x_wconf 86' lang='lat' dir='ltr'><strong>qua</strong></span> <span class='ocrx_word' id='word_1_107' title='bbox 258 1658 428 1711; x_wconf 86' lang='lat' dir='ltr'><strong>domo</strong></span> <span class='ocrx_word' id='word_1_108' title='bbox 480 1661 752 1710; x_wconf 85' lang='lat' dir='ltr'><strong>senatoris</strong></span> <span class='ocrx_word' id='word_1_109' title='bbox 804 1658 1083 1712; x_wconf 83' lang='lat' dir='ltr'><strong>voluerint</strong></span> <span class='ocrx_word' id='word_1_110' title='bbox 1131 1677 1356 1725; x_wconf 74' lang='lat' dir='ltr'><strong>vacare,</strong></span> <span class='ocrx_word' id='word_1_111' title='bbox 1414 1675 1527 1713; x_wconf 89' lang='lat' dir='ltr'><strong>non</strong></span> <span class='ocrx_word' id='word_1_112' title='bbox 1583 1666 1858 1731; x_wconf 89' lang='lat' dir='ltr'><strong>quotquot</strong></span> 
     </span>
     <span class='ocr_line' id='line_1_16' title="bbox 128 1743 895 1812; baseline -0.001 -17"><span class='ocrx_word' id='word_1_113' title='bbox 128 1751 310 1806; x_wconf 77' lang='lat' dir='ltr'><strong>erunt,</strong></span> <span class='ocrx_word' id='word_1_114' title='bbox 354 1745 405 1795; x_wconf 79' lang='lat' dir='ltr'><strong>si</strong></span> <span class='ocrx_word' id='word_1_115' title='bbox 446 1744 630 1812; x_wconf 86' lang='lat' dir='ltr'><strong>plures</strong></span> <span class='ocrx_word' id='word_1_116' title='bbox 671 1743 895 1796; x_wconf 84' lang='lat' dir='ltr'><strong>fuerint.</strong></span> 
     </span>
    </p>

    <p class='ocr_par' dir='ltr' id='par_1_5' title="bbox 125 1829 1859 2074">
     <span class='ocr_line' id='line_1_17' title="bbox 132 1829 1859 1900; baseline -0.002 -16"><span class='ocrx_word' id='word_1_117' title='bbox 132 1829 168 1899; x_wconf 84' lang='lat'><strong>§.</strong></span> <span class='ocrx_word' id='word_1_118' title='bbox 198 1832 306 1884; x_wconf 87' lang='grc'><strong>133.</strong></span> <span class='ocrx_word' id='word_1_119' title='bbox 381 1832 536 1882; x_wconf 81' lang='lat' dir='ltr'><strong>Item.</strong></span> <span class='ocrx_word' id='word_1_120' title='bbox 609 1830 1040 1900; x_wconf 68' lang='lat' dir='ltr'><strong>Ergovidemur</strong></span> <span class='ocrx_word' id='word_1_121' title='bbox 1075 1830 1182 1881; x_wconf 88' lang='lat' dir='ltr'><strong>hoe</strong></span> <span class='ocrx_word' id='word_1_122' title='bbox 1217 1834 1337 1883; x_wconf 86' lang='lat' dir='ltr'><strong>iure</strong></span> <span class='ocrx_word' id='word_1_123' title='bbox 1385 1832 1507 1892; x_wconf 81' lang='lat' dir='ltr'><strong>uti,</strong></span> <span class='ocrx_word' id='word_1_124' title='bbox 1571 1836 1633 1881; x_wconf 88' lang='lat' dir='ltr'><strong>ut</strong></span> <span class='ocrx_word' id='word_1_125' title='bbox 1682 1831 1728 1880; x_wconf 89' lang='lat' dir='ltr'><strong>is</strong></span> <span class='ocrx_word' id='word_1_126' title='bbox 1765 1844 1859 1880; x_wconf 85' lang='lat' dir='ltr'><strong>va·</strong></span> 
     </span>
     <span class='ocr_line' id='line_1_18' title="bbox 125 1914 1859 1989; baseline -0.002 -22"><span class='ocrx_word' id='word_1_127' title='bbox 125 1925 240 1980; x_wconf 85' lang='lat' dir='ltr'><strong>cet,</strong></span> <span class='ocrx_word' id='word_1_128' title='bbox 291 1917 382 1970; x_wconf 87' lang='lat' dir='ltr'><strong>eui</strong></span> <span class='ocrx_word' id='word_1_129' title='bbox 421 1914 668 1969; x_wconf 74' lang='lat' dir='ltr'><strong>omnium</strong></span> <span class='ocrx_word' id='word_1_130' title='bbox 709 1932 888 1970; x_wconf 85' lang='lat' dir='ltr'><strong>rerum</strong></span> <span class='ocrx_word' id='word_1_131' title='bbox 925 1917 1255 1987; x_wconf 84' lang='lat' dir='ltr'><strong>generaliter</strong></span> <span class='ocrx_word' id='word_1_132' title='bbox 1287 1916 1594 1989; x_wconf 80' lang='lat' dir='ltr'><strong>procuratio</strong></span> <span class='ocrx_word' id='word_1_133' title='bbox 1635 1914 1859 1967; x_wconf 79' lang='lat' dir='ltr'><strong>manda·</strong></span> 
     </span>
     <span class='ocr_line' id='line_1_19' title="bbox 126 2002 1282 2074; baseline 0.001 -19"><span class='ocrx_word' id='word_1_134' title='bbox 126 2010 178 2055; x_wconf 83' lang='lat' dir='ltr'><strong>ta</strong></span> <span class='ocrx_word' id='word_1_135' title='bbox 212 2005 311 2070; x_wconf 62' lang='grc' dir='ltr'><strong>αἰὲς</strong></span> <span class='ocrx_word' id='word_1_136' title='bbox 349 2011 414 2054; x_wconf 80' lang='lat' dir='ltr'><strong>et</strong></span> <span class='ocrx_word' id='word_1_137' title='bbox 453 2019 564 2054; x_wconf 88' lang='lat' dir='ltr'><strong>non</strong></span> <span class='ocrx_word' id='word_1_138' title='bbox 603 2002 838 2072; x_wconf 82' lang='lat' dir='ltr'><strong>amplius</strong></span> <span class='ocrx_word' id='word_1_139' title='bbox 861 2039 877 2064; x_wconf 90' lang='lat'><strong>,</strong></span> <span class='ocrx_word' id='word_1_140' title='bbox 915 2018 1082 2074; x_wconf 84' lang='lat' dir='ltr'><strong>quam</strong></span> <span class='ocrx_word' id='word_1_141' title='bbox 1119 2020 1282 2056; x_wconf 84' lang='lat' dir='ltr'><strong>unus.</strong></span> 
     </span>
    </p>

    <p class='ocr_par' dir='ltr' id='par_1_6' title="bbox 115 2090 1862 2506">
     <span class='ocr_line' id='line_1_20' title="bbox 124 2090 1859 2160; baseline 0 -20"><span class='ocrx_word' id='word_1_142' title='bbox 124 2091 164 2160; x_wconf 52' lang='grc' dir='ltr'><strong>ᾗ.</strong></span> <span class='ocrx_word' id='word_1_143' title='bbox 211 2092 321 2158; x_wconf 77' lang='grc'><strong>134.</strong></span> <span class='ocrx_word' id='word_1_144' title='bbox 400 2091 555 2141; x_wconf 84' lang='lat' dir='ltr'><strong>Item.</strong></span> <span class='ocrx_word' id='word_1_145' title='bbox 626 2091 813 2142; x_wconf 85' lang='lat' dir='ltr'><strong>Arcari</strong></span> <span class='ocrx_word' id='word_1_146' title='bbox 852 2091 1199 2152; x_wconf 81' lang='lat' dir='ltr'><strong>Caesariani,</strong></span> <span class='ocrx_word' id='word_1_147' title='bbox 1250 2091 1347 2160; x_wconf 85' lang='lat' dir='ltr'><strong>qui</strong></span> <span class='ocrx_word' id='word_1_148' title='bbox 1392 2091 1448 2141; x_wconf 90' lang='lat' dir='ltr'><strong>in</strong></span> <span class='ocrx_word' id='word_1_149' title='bbox 1484 2090 1602 2141; x_wconf 79' lang='lat' dir='ltr'><strong>foro</strong></span> <span class='ocrx_word' id='word_1_150' title='bbox 1633 2090 1859 2141; x_wconf 87' lang='lat' dir='ltr'><strong>Traiani</strong></span> 
     </span>
     <span class='ocr_line' id='line_1_21' title="bbox 126 2174 1862 2238; baseline -0.001 -12"><span class='ocrx_word' id='word_1_151' title='bbox 126 2174 331 2228; x_wconf 78' lang='lat' dir='ltr'><strong>habent</strong></span> <span class='ocrx_word' id='word_1_152' title='bbox 372 2177 678 2238; x_wconf 83' lang='lat' dir='ltr'><strong>stationes,</strong></span> <span class='ocrx_word' id='word_1_153' title='bbox 717 2193 784 2229; x_wconf 77' lang='lat' dir='ltr'><strong>ex</strong></span> <span class='ocrx_word' id='word_1_154' title='bbox 819 2177 989 2228; x_wconf 79' lang='lat' dir='ltr'><strong>sacris</strong></span> <span class='ocrx_word' id='word_1_155' title='bbox 1026 2176 1517 2228; x_wconf 77' lang='lat' dir='ltr'><strong>constitutionibus</strong></span> <span class='ocrx_word' id='word_1_156' title='bbox 1567 2174 1862 2225; x_wconf 83' lang='lat' dir='ltr'><strong>multifari-</strong></span> 
     </span>
     <span class='ocr_line' id='line_1_22' title="bbox 128 2252 1812 2319; baseline -0.003 -4"><span class='ocrx_word' id='word_1_157' title='bbox 128 2280 207 2315; x_wconf 83' lang='lat' dir='ltr'><strong>am</strong></span> <span class='ocrx_word' id='word_1_158' title='bbox 248 2263 465 2314; x_wconf 85' lang='lat' dir='ltr'><strong>emissis</strong></span> <span class='ocrx_word' id='word_1_159' title='bbox 498 2262 710 2315; x_wconf 78' lang='lat' dir='ltr'><strong>habent</strong></span> <span class='ocrx_word' id='word_1_160' title='bbox 737 2263 1153 2319; x_wconf 78' lang='lat' dir='ltr'><strong>immunitatem,</strong></span> <span class='ocrx_word' id='word_1_161' title='bbox 1805 2252 1812 2259; x_wconf 75' lang='grc'><em>“</em></span> 
     </span>
     <span class='ocr_line' id='line_1_23' title="bbox 115 2347 1860 2420; baseline 0 -23"><span class='ocrx_word' id='word_1_162' title='bbox 115 2350 161 2420; x_wconf 87' lang='lat'>5</span> <span class='ocrx_word' id='word_1_163' title='bbox 201 2354 314 2406; x_wconf 84' lang='grc'><strong>135.</strong></span> <span class='ocrx_word' id='word_1_164' title='bbox 387 2349 539 2400; x_wconf 79' lang='lat' dir='ltr'><strong>Item.</strong></span> <span class='ocrx_word' id='word_1_165' title='bbox 612 2348 724 2419; x_wconf 88' lang='lat' dir='ltr'><strong>Qui</strong></span> <span class='ocrx_word' id='word_1_166' title='bbox 762 2349 872 2400; x_wconf 75' lang='lat' dir='ltr'><strong>iam</strong></span> <span class='ocrx_word' id='word_1_167' title='bbox 909 2354 1119 2400; x_wconf 85' lang='lat' dir='ltr'><strong>tutores</strong></span> <span class='ocrx_word' id='word_1_168' title='bbox 1156 2347 1247 2399; x_wconf 70' lang='lat' dir='ltr'><strong>vel</strong></span> <span class='ocrx_word' id='word_1_169' title='bbox 1285 2351 1558 2398; x_wconf 82' lang='lat' dir='ltr'><strong>curatores</strong></span> <span class='ocrx_word' id='word_1_170' title='bbox 1615 2350 1761 2406; x_wconf 85' lang='lat' dir='ltr'><strong>sunt,</strong></span> <span class='ocrx_word' id='word_1_171' title='bbox 1813 2347 1860 2397; x_wconf 79' lang='lat' dir='ltr'><strong>si</strong></span> 
     </span>
     <span class='ocr_line' id='line_1_24' title="bbox 122 2434 1689 2506; baseline -0.003 -21"><span class='ocrx_word' id='word_1_172' title='bbox 122 2437 197 2488; x_wconf 80' lang='lat' dir='ltr'><strong>toi</strong></span> <span class='ocrx_word' id='word_1_173' title='bbox 233 2435 498 2506; x_wconf 83' lang='lat' dir='ltr'><strong>publicae</strong></span> <span class='ocrx_word' id='word_1_174' title='bbox 530 2452 688 2488; x_wconf 85' lang='lat' dir='ltr'><strong>causa</strong></span> <span class='ocrx_word' id='word_1_175' title='bbox 725 2434 947 2498; x_wconf 87' lang='lat' dir='ltr'><strong>absint,</strong></span> <span class='ocrx_word' id='word_1_176' title='bbox 985 2434 1055 2487; x_wconf 85' lang='lat' dir='ltr'><strong>ad</strong></span> <span class='ocrx_word' id='word_1_177' title='bbox 1092 2440 1307 2504; x_wconf 85' lang='lat' dir='ltr'><strong>tempus</strong></span> <span class='ocrx_word' id='word_1_178' title='bbox 1345 2440 1689 2485; x_wconf 73' lang='lat' dir='ltr'><strong>excusantur.</strong></span> 
     </span>
    </p>

    <p class='ocr_par' dir='ltr' id='par_1_7' title="bbox 118 2518 1860 2669">
     <span class='ocr_line' id='line_1_25' title="bbox 118 2518 1860 2591; baseline -0.002 -18"><span class='ocrx_word' id='word_1_179' title='bbox 118 2521 164 2590; x_wconf 56' lang='grc' dir='ltr'><strong>ᾗ.</strong></span> <span class='ocrx_word' id='word_1_180' title='bbox 210 2523 324 2575; x_wconf 88' lang='grc'><strong>136.</strong></span> <span class='ocrx_word' id='word_1_181' title='bbox 397 2523 551 2574; x_wconf 87' lang='lat' dir='ltr'><strong>Item.</strong></span> <span class='ocrx_word' id='word_1_182' title='bbox 621 2523 759 2572; x_wconf 85' lang='lat' dir='ltr'><strong>Eum</strong></span> <span class='ocrx_word' id='word_1_183' title='bbox 782 2557 797 2580; x_wconf 87' lang='lat'>‚</span> <span class='ocrx_word' id='word_1_184' title='bbox 853 2521 950 2591; x_wconf 89' lang='lat' dir='ltr'><strong>qui</strong></span> <span class='ocrx_word' id='word_1_185' title='bbox 987 2523 1108 2574; x_wconf 83' lang='lat' dir='ltr'><strong>viae</strong></span> <span class='ocrx_word' id='word_1_186' title='bbox 1142 2537 1330 2573; x_wconf 81' lang='lat' dir='ltr'><strong>curam</strong></span> <span class='ocrx_word' id='word_1_187' title='bbox 1367 2519 1540 2571; x_wconf 90' lang='lat' dir='ltr'><strong>habet</strong></span> <span class='ocrx_word' id='word_1_188' title='bbox 1575 2518 1643 2568; x_wconf 83' lang='lat' dir='ltr'><strong>ab</strong></span> <span class='ocrx_word' id='word_1_189' title='bbox 1680 2523 1860 2585; x_wconf 77' lang='lat' dir='ltr'><strong>§mpe-</strong></span> 
     </span>
     <span class='ocr_line' id='line_1_26' title="bbox 127 2607 992 2669; baseline 0.005 -12"><span class='ocrx_word' id='word_1_190' title='bbox 127 2615 309 2660; x_wconf 81' lang='lat' dir='ltr'><strong>ratore</strong></span> <span class='ocrx_word' id='word_1_191' title='bbox 345 2607 682 2669; x_wconf 78' lang='lat' dir='ltr'><strong>iniunctam,</strong></span> <span class='ocrx_word' id='word_1_192' title='bbox 721 2609 992 2661; x_wconf 81' lang='lat' dir='ltr'><strong>excusari.</strong></span> 
     </span>
    </p>

    <p class='ocr_par' dir='ltr' id='par_1_8' title="bbox 122 2691 1857 2837">
     <span class='ocr_line' id='line_1_27' title="bbox 122 2691 1857 2763; baseline -0.003 -17"><span class='ocrx_word' id='word_1_193' title='bbox 122 2693 161 2763; x_wconf 63' lang='grc'><strong>3.</strong></span> <span class='ocrx_word' id='word_1_194' title='bbox 208 2696 320 2759; x_wconf 81' lang='grc'><strong>137.</strong></span> <span class='ocrx_word' id='word_1_195' title='bbox 393 2695 545 2746; x_wconf 87' lang='lat' dir='ltr'><strong>Item.</strong></span> <span class='ocrx_word' id='word_1_196' title='bbox 615 2693 967 2748; x_wconf 73' lang='lat' dir='ltr'><strong>Anaholieari</strong></span> <span class='ocrx_word' id='word_1_197' title='bbox 991 2695 1037 2728; x_wconf 80' lang='lat'><strong>²²</strong></span> <span class='ocrx_word' id='word_1_198' title='bbox 1072 2709 1104 2745; x_wconf 84' lang='lat' dir='ltr'><strong>a</strong></span> <span class='ocrx_word' id='word_1_199' title='bbox 1131 2692 1332 2747; x_wconf 63' lang='lat' dir='ltr'><strong>tutelis</strong></span> <span class='ocrx_word' id='word_1_200' title='bbox 1359 2691 1857 2759; x_wconf 81' lang='lat' dir='ltr'><strong>curationibusque</strong></span> 
     </span>
     <span class='ocr_line' id='line_1_28' title="bbox 122 2776 723 2837; baseline 0.01 -10"><span class='ocrx_word' id='word_1_201' title='bbox 122 2776 333 2834; x_wconf 74' lang='lat' dir='ltr'><strong>habent</strong></span> <span class='ocrx_word' id='word_1_202' title='bbox 365 2782 723 2837; x_wconf 76' lang='lat' dir='ltr'><strong>vacationem.</strong></span> 
     </span>
    </p>
   </div>
   <div class='ocr_carea' id='block_1_3' title="bbox 111 3116 1851 3533">
    <p class='ocr_par' dir='ltr' id='par_1_9' title="bbox 111 3116 1851 3533">
     <span class='ocr_line' id='line_1_29' title="bbox 126 3116 1850 3191; baseline -0.003 -20"><span class='ocrx_word' id='word_1_203' title='bbox 126 3119 269 3171; x_wconf 77' lang='lat' dir='ltr'><strong>disse</strong></span> <span class='ocrx_word' id='word_1_204' title='bbox 299 3127 477 3191; x_wconf 80' lang='lat' dir='ltr'><strong>putat.</strong></span> <span class='ocrx_word' id='word_1_205' title='bbox 517 3122 700 3171; x_wconf 84' lang='lat' dir='ltr'><strong>minus</strong></span> <span class='ocrx_word' id='word_1_206' title='bbox 738 3128 902 3173; x_wconf 87' lang='lat' dir='ltr'><strong>reete.</strong></span> <span class='ocrx_word' id='word_1_207' title='bbox 977 3119 1038 3186; x_wconf 73' lang='grc'><strong>8)</strong></span> <span class='ocrx_word' id='word_1_208' title='bbox 1081 3120 1142 3171; x_wconf 78' lang='lat' dir='ltr'><strong>V.</strong></span> <span class='ocrx_word' id='word_1_209' title='bbox 1169 3119 1303 3177; x_wconf 80' lang='lat' dir='ltr'><strong>Mai.</strong></span> <span class='ocrx_word' id='word_1_210' title='bbox 1326 3117 1720 3184; x_wconf 70' lang='lat' dir='ltr'><strong>arthrytricus.</strong></span> <span class='ocrx_word' id='word_1_211' title='bbox 1793 3116 1850 3184; x_wconf 83' lang='lat'><strong>9)</strong></span> 
     </span>
     <span class='ocr_line' id='line_1_30' title="bbox 122 3184 1851 3256; baseline 0.001 -19"><span class='ocrx_word' id='word_1_212' title='bbox 122 3187 215 3240; x_wconf 66' lang='lat' dir='ltr'><strong>itae</strong></span> <span class='ocrx_word' id='word_1_213' title='bbox 258 3191 320 3244; x_wconf 83' lang='lat' dir='ltr'><strong>V.</strong></span> <span class='ocrx_word' id='word_1_214' title='bbox 382 3192 511 3242; x_wconf 81' lang='lat' dir='ltr'><strong>Mai.</strong></span> <span class='ocrx_word' id='word_1_215' title='bbox 564 3192 706 3242; x_wconf 87' lang='lat' dir='ltr'><strong>coni.</strong></span> <span class='ocrx_word' id='word_1_216' title='bbox 757 3192 1018 3243; x_wconf 69' lang='lat' dir='ltr'><strong>sonticus.</strong></span> <span class='ocrx_word' id='word_1_217' title='bbox 1119 3187 1299 3245; x_wconf 78' lang='lat' dir='ltr'><strong>Dirks.</strong></span> <span class='ocrx_word' id='word_1_218' title='bbox 1355 3188 1622 3256; x_wconf 70' lang='lat' dir='ltr'><strong>psoricm.</strong></span> <span class='ocrx_word' id='word_1_219' title='bbox 1697 3184 1851 3238; x_wconf 72' lang='lat' dir='ltr'><strong>Bar-k.</strong></span> 
     </span>
     <span class='ocr_line' id='line_1_31' title="bbox 111 3255 1849 3330; baseline -0.005 -20"><span class='ocrx_word' id='word_1_220' title='bbox 111 3259 434 3327; x_wconf 73' lang='lat' dir='ltr'><strong>phthisicus.</strong></span> <span class='ocrx_word' id='word_1_221' title='bbox 513 3261 602 3313; x_wconf 83' lang='lat' dir='ltr'><strong>Kl.</strong></span> <span class='ocrx_word' id='word_1_222' title='bbox 640 3262 866 3330; x_wconf 63' lang='lat' dir='ltr'><strong>pericu:</strong></span> <span class='ocrx_word' id='word_1_223' title='bbox 901 3276 934 3309; x_wconf 81' lang='lat' dir='ltr'><strong>a</strong></span> <span class='ocrx_word' id='word_1_224' title='bbox 973 3259 1187 3311; x_wconf 88' lang='lat' dir='ltr'><strong>Graeco</strong></span> <span class='ocrx_word' id='word_1_225' title='bbox 1228 3258 1436 3325; x_wconf 76' lang='grc' dir='ltr'><strong><em>πῶρος.</em></strong></span> <span class='ocrx_word' id='word_1_226' title='bbox 1546 3255 1628 3324; x_wconf 84' lang='grc' dir='ltr'><strong>ιο)</strong></span> <span class='ocrx_word' id='word_1_227' title='bbox 1666 3255 1746 3306; x_wconf 81' lang='lat' dir='ltr'><strong>Ita</strong></span> <span class='ocrx_word' id='word_1_228' title='bbox 1783 3256 1849 3306; x_wconf 85' lang='lat' dir='ltr'><strong>V.</strong></span> 
     </span>
     <span class='ocr_line' id='line_1_32' title="bbox 129 3325 1851 3399; baseline -0.003 -20"><span class='ocrx_word' id='word_1_229' title='bbox 129 3334 200 3393; x_wconf 84' lang='grc' dir='ltr'><strong>ιι)</strong></span> <span class='ocrx_word' id='word_1_230' title='bbox 258 3331 456 3383; x_wconf 84' lang='lat' dir='ltr'><strong>Buchh.</strong></span> <span class='ocrx_word' id='word_1_231' title='bbox 495 3332 616 3384; x_wconf 81' lang='lat' dir='ltr'><strong>vuit</strong></span> <span class='ocrx_word' id='word_1_232' title='bbox 642 3341 916 3399; x_wconf 76' lang='lat' dir='ltr'><strong>procurat</strong></span> <span class='ocrx_word' id='word_1_233' title='bbox 940 3364 955 3389; x_wconf 87' lang='lat'><strong>,</strong></span> <span class='ocrx_word' id='word_1_234' title='bbox 1000 3330 1156 3398; x_wconf 85' lang='lat' dir='ltr'><strong>quasi</strong></span> <span class='ocrx_word' id='word_1_235' title='bbox 1187 3327 1473 3395; x_wconf 80' lang='lat' dir='ltr'><strong>geminatis</strong></span> <span class='ocrx_word' id='word_1_236' title='bbox 1517 3326 1574 3376; x_wconf 84' lang='lat' dir='ltr'><strong>P.</strong></span> <span class='ocrx_word' id='word_1_237' title='bbox 1613 3325 1672 3377; x_wconf 80' lang='lat' dir='ltr'><strong>R.</strong></span> <span class='ocrx_word' id='word_1_238' title='bbox 1708 3340 1851 3391; x_wconf 84' lang='lat' dir='ltr'><strong>quae</strong></span> 
     </span>
     <span class='ocr_line' id='line_1_33' title="bbox 118 3394 1847 3533; baseline -0.005 -84"><span class='ocrx_word' id='word_1_239' title='bbox 118 3401 470 3533; x_wconf 48' lang='lat' dir='ltr'><strong>{gaecedunt-</strong></span> <span class='ocrx_word' id='word_1_240' title='bbox 706 3402 790 3469; x_wconf 69' lang='grc' dir='ltr'><strong>ιιι)</strong></span> <span class='ocrx_word' id='word_1_241' title='bbox 852 3400 931 3466; x_wconf 82' lang='lat' dir='ltr'><strong>lta</strong></span> <span class='ocrx_word' id='word_1_242' title='bbox 971 3397 1037 3456; x_wconf 82' lang='lat' dir='ltr'><strong>V,</strong></span> <span class='ocrx_word' id='word_1_243' title='bbox 1080 3397 1149 3457; x_wconf 73' lang='lat' dir='ltr'><strong>cs.</strong></span> <span class='ocrx_word' id='word_1_244' title='bbox 1210 3396 1430 3465; x_wconf 62' lang='lat' dir='ltr'><strong>vopisc,</strong></span> <span class='ocrx_word' id='word_1_245' title='bbox 1466 3396 1529 3449; x_wconf 87' lang='lat' dir='ltr'><strong>in</strong></span> <span class='ocrx_word' id='word_1_246' title='bbox 1589 3394 1768 3448; x_wconf 34' lang='lat' dir='ltr'><strong>Aurei.</strong></span> <span class='ocrx_word' id='word_1_247' title='bbox 1806 3408 1847 3443; x_wconf 86' lang='lat' dir='ltr'><strong>e.</strong></span> 
     </span>
    </p>
   </div>
  </div>
 </body>
</html>
